set,set_name,lang,number,name,quantity,is_foil,edhrec_rank,image_url,keywords,artist,rarity,price_usd,price_usd_foil,price_usd_etched,price_eur,price_eur_foil,price_eur_etched,collection,is_list,frame,colors,types,condition,ru_name,promo_types,is_promo
lci,The Lost Caverns of Ixalan,en,87,"Abyssal Gorestalker",1,true,17089,https://cards.scryfall.io/normal/front/a/5/a559f77f-1f10-475b-9361-7f297d50f254.jpg?1699044037,"",Maxime Minard,uncommon,0.02,0.05,,0.11,0.15,,"binder",false,"","B","Creature — Horror",nm,"undefined","undefined",
ktk,Khans of Tarkir,en,1,"Abzan Battle Priest",1,false,2646,https://cards.scryfall.io/normal/front/8/f/8f5427b1-f1c2-4bb3-8736-701667ac2256.jpg?1562790236,"Outlast",Chris Rahn,uncommon,0.26,1.53,,0.12,0.42,,"binder",false,"","W","Creature — Human Cleric",nm,"Абзанский Боевой Жрец","undefined",
ktk,Khans of Tarkir,en,2,"Abzan Falconer",1,false,1332,https://cards.scryfall.io/normal/front/2/1/21ee4f3c-dc94-4156-b0ed-60fe6310451a.jpg?1562783594,"Outlast",Steven Belledin,uncommon,0.16,2.25,,0.19,0.60,,"binder",false,"","W","Creature — Human Soldier",nm,"Абзанский Сокольничий","undefined",
mh2,Modern Horizons 2,en,219,"Academy Manufactor",1,false,348,https://cards.scryfall.io/normal/front/9/0/90744c2c-6dd7-4623-8cbf-b138b83ee88f.jpg?1626098902,"Treasure,Food",Campbell White,rare,5.52,7.89,,4.23,6.06,,"binder",false,"","","Artifact Creature — Assembly-Worker",nm,"Производитель Академии","undefined",
mma,Modern Masters,en,219,"Academy Ruins",1,false,533,https://cards.scryfall.io/normal/front/a/a/aa2c9306-b065-4813-8817-ae46a7725b5e.jpg?1561968079,"",Zoltan Boros & Gabor Szikszai,rare,12.80,20.44,,10.30,13.37,,"binder",false,"","","Legendary Land",nm,"undefined","undefined",
m12,Magic 2012,en,161,"Acidic Slime",1,false,580,https://cards.scryfall.io/normal/front/a/e/ae8e5876-3eff-4075-9fa2-3ab6030848e9.jpg?1562655489,"Deathtouch",Karl Kopinski,uncommon,0.15,1.57,,0.17,0.77,,"binder",false,"","G","Creature — Ooze",nm,"Кислотная Слизь","undefined",
afc,Forgotten Realms Commander,en,151,"Acidic Slime",1,false,580,https://cards.scryfall.io/normal/front/2/a/2a6d791f-11c1-44ce-8084-591250b9f802.jpg?1631587744,"Deathtouch",Karl Kopinski,uncommon,0.12,,,0.16,,,"binder",false,"","G","Creature — Ooze",nm,"Кислотная Слизь","undefined",
c13,Commander 2013,en,1,"Act of Authority",1,false,8712,https://cards.scryfall.io/normal/front/e/1/e107bd35-eddd-40f7-aea8-3a1eec3363c0.jpg?1562942444,"",Véronique Meignaud,rare,0.96,,,1.44,,,"binder",false,"","W","Enchantment",nm,"undefined","undefined",
lci,The Lost Caverns of Ixalan,en,3,"Adaptive Gemguard",1,true,18614,https://cards.scryfall.io/normal/front/8/3/83c91e24-b7e8-4040-80cb-d1b375002c10.jpg?1699043073,"",Anthony Devine,common,0.02,0.02,,0.07,0.04,,"binder",false,"","W","Artifact Creature — Gnome",nm,"undefined","undefined",
dmu,Dominaria United,en,243,"Adarkar Wastes",1,true,448,https://cards.scryfall.io/normal/front/0/8/08ae1037-6f70-41a9-b75e-98fa9a2152c8.jpg?1673308279,"",Piotr Dura,rare,8.00,5.70,,5.39,5.22,,"binder",false,"","","Land",nm,"undefined","undefined",
lcc,The Lost Caverns of Ixalan Commander,en,17,"Admiral Brass, Unsinkable",1,false,9887,https://cards.scryfall.io/normal/front/4/d/4d6c2d5c-b3ce-4c38-9af2-7c61f322923b.jpg?1698987787,"Mill",Michael Walsh,mythic,0.25,1.22,,,,,"binder",false,"showcase,legendary","B,R,U","Legendary Creature — Human Pirate",nm,"undefined","boosterfun",
jmp,Jumpstart,en,79,"Aegis of the Heavens",1,false,10621,https://cards.scryfall.io/normal/front/a/9/a94f356d-4714-4500-8fb0-1ac68ec5c1cf.jpg?1600715302,"",Anthony Palumbo,uncommon,0.17,,,0.15,,,"binder",false,"","W","Instant",nm,"undefined","undefined",
2x2,Double Masters 2022,en,298,"Aether Vial",1,false,5185,https://cards.scryfall.io/normal/front/1/1/11e8d2fd-b132-4807-9410-8edeffa519ed.jpg?1673149308,"",Karl Kopinski,rare,5.29,6.17,,7.49,8.58,,"binder",false,"","","Artifact",nm,"undefined","undefined",
gtc,Gatecrash,en,29,"Aetherize",1,false,566,https://cards.scryfall.io/normal/front/3/3/33303859-c6e0-4ebd-bb5f-44be7f5d7459.jpg?1561821990,"",Ryan Barger,uncommon,0.46,7.19,,0.46,3.10,,"binder",false,"","U","Instant",nm,"Превращение в Эфир","undefined",
mkm,Murders at Karlov Manor,en,75,"Agency Coroner",1,true,26270,https://cards.scryfall.io/normal/front/d/6/d63f2c23-e877-42e3-9362-5d003a173c6d.jpg?1706241661,"",Uriah Voth,common,0.01,0.06,,0.02,0.03,,"binder",false,"","B","Creature — Ogre Cleric",nm,"undefined","undefined",
clb,Commander Legends: Battle for Baldur's Gate,en,107,"Agent of the Iron Throne",1,false,1258,https://cards.scryfall.io/normal/front/5/a/5a5984d3-1e76-4d97-9373-b59cfa9c38ae.jpg?1674135910,"",Josh Hass,uncommon,0.29,6.06,,0.30,0.77,,"binder",false,"legendary","B","Legendary Enchantment — Background",nm,"Агент Железного Трона","undefined",
m20,Core Set 2020,en,43,"Agent of Treachery",1,false,1246,https://cards.scryfall.io/normal/front/c/c/cc6686e6-4535-49be-b0b3-e76464656cd2.jpg?1639052497,"",Igor Kieryluk,rare,8.15,8.72,,6.17,8.79,,"binder",false,"","U","Creature — Human Rogue",nm,"Агент Предательства","undefined",
e02,Explorers of Ixalan,en,25,"Aggravated Assault",1,false,1174,https://cards.scryfall.io/normal/front/8/f/8f9fa105-6829-431c-8386-8e3e9deff2db.jpg?1562928859,"",Greg Staples,rare,5.34,,,5.43,,,"binder",false,"","R","Enchantment",nm,"undefined","undefined",
woc,Wilds of Eldraine Commander,en,59,"Ajani's Chosen",1,false,2271,https://cards.scryfall.io/normal/front/e/0/e0cb62f0-624a-4b7c-b237-1d3a8ac23eaa.jpg?1692934498,"",Wayne Reynolds,rare,0.23,,,0.22,,,"binder",false,"","W","Creature — Cat Soldier",nm,"Избранники Аджани","undefined",
m15,Magic 2015,en,2,"Ajani's Pridemate",1,false,2680,https://cards.scryfall.io/normal/front/e/4/e411cacd-910b-4eda-8f67-03b426c94ebe.jpg?1562795916,"",Svetlin Velinov,uncommon,0.16,1.37,,0.09,0.94,,"binder",false,"","W","Creature — Cat Soldier",nm,"Соплеменник Аджани","undefined",
lci,The Lost Caverns of Ixalan,en,220,"Akawalli, the Seething Tower",1,true,10806,https://cards.scryfall.io/normal/front/3/e/3ee62dd1-97d0-4e5d-8937-26c9e51e9414.jpg?1699044515,"Descend",Simon Dominic,uncommon,0.03,0.07,,0.12,0.11,,"binder",false,"legendary","B,G","Legendary Creature — Fungus",nm,"undefined","undefined",
lci,The Lost Caverns of Ixalan,en,298,"Akawalli, the Seething Tower",1,true,10806,https://cards.scryfall.io/normal/front/8/8/88e9dbe6-5685-480d-b0d7-828a7058fb22.jpg?1699044751,"Descend",rishxxv,uncommon,0.08,0.07,,,,,"binder",false,"showcase,legendary","B,G","Legendary Creature — Fungus",nm,"undefined","boosterfun",
cmr,Commander Legends,en,3,"Akroma's Will",1,false,253,https://cards.scryfall.io/normal/front/c/2/c281997b-1566-4469-a14c-6645f81ab023.jpg?1608908650,"",Antonio José Manzanedo,rare,17.96,22.85,,15.78,20.75,,"binder",false,"","W","Instant",nm,"undefined","undefined",
ori,Magic Origins,ru,221,"Alhammarret's Archive",1,false,623,https://cards.scryfall.io/normal/front/7/0/70afb856-6697-411b-b1aa-e9290a0bfd68.jpg?1562025490,"",Richard Wright,mythic,10.11,29.76,,7.52,20.32,,"binder",false,"","","Legendary Artifact",nm,"Архив Альхаммарета","undefined",
uma,Ultimate Masters,en,1,"All Is Dust",1,false,1022,https://cards.scryfall.io/normal/front/8/c/8cf632ef-70e3-46f2-af21-14ea7ef30237.jpg?1612809614,"",Jason Felix,rare,3.56,8.95,,3.19,7.95,,"binder",false,"","","Tribal Sorcery — Eldrazi",nm,"undefined","undefined",
eld,Throne of Eldraine,en,2,"All That Glitters",1,false,639,https://cards.scryfall.io/normal/front/d/9/d9713032-2956-4564-b5f5-2dd16245a4e6.jpg?1572489608,"Enchant",Iain McCaig,uncommon,1.23,2.10,,0.93,2.93,,"binder",false,"","W","Enchantment — Aura",nm,"Все, Что Блестит","undefined",
mkm,Murders at Karlov Manor,en,76,"Alley Assailant",1,true,25481,https://cards.scryfall.io/normal/front/e/d/edf238c9-61de-4f3a-b82f-05af46e5e81b.jpg?1706241664,"Disguise",Warren Mahy,common,0.02,0.06,,0.04,0.11,,"binder",false,"","B","Creature — Vampire Rogue",nm,"undefined","undefined",
scg,Scourge,en,110,"Alpha Status",1,false,7436,https://cards.scryfall.io/normal/front/f/d/fd210c45-57f3-4d7d-93ba-81fe4298ade3.jpg?1562537375,"Enchant",Darrell Riche,uncommon,3.90,17.28,,1.08,4.80,,"binder",false,"","G","Enchantment — Aura",nm,"undefined","undefined",
ktk,Khans of Tarkir,en,216,"Altar of the Brood",1,false,1207,https://cards.scryfall.io/normal/front/8/d/8d59d264-87ee-4305-bffb-110549331a82.jpg?1562790137,"Mill",Erica Yang,rare,7.29,8.88,,3.79,6.96,,"binder",false,"","","Artifact",nm,"Алтарь Выводка","undefined",
c18,Commander 2018,en,37,"Aminatou, the Fateshifter",1,true,3289,https://cards.scryfall.io/normal/front/1/6/16b9f43a-9c3f-4bfa-9eb1-734189a4bb1f.jpg?1592710241,"",Seb McKinnon,mythic,,1.99,,,2.17,,"binder",false,"","B,U,W","Legendary Planeswalker — Aminatou",nm,"undefined","undefined",
c18,Commander 2018,en,6,"Aminatou's Augury",1,false,2615,https://cards.scryfall.io/normal/front/e/e/ee3bc0e6-5e47-4a04-af15-faea70f3983a.jpg?1592710061,"",Seb McKinnon,rare,0.43,,,0.89,,,"binder",false,"","U","Sorcery",nm,"undefined","undefined",
snc,Streets of New Capenna,en,51,"An Offer You Can't Refuse",2,false,87,https://cards.scryfall.io/normal/front/b/9/b9d349f3-5be2-4b1f-a4c3-ba94822cf0cf.jpg?1664410382,"Treasure",Dallas Williams,uncommon,3.84,3.61,,2.68,3.24,,"binder",false,"","U","Instant",nm,"Предложение Без Права На Отказ","undefined",
mul,Multiverse Legends,en,1,"Anafenza, Kin-Tree Spirit",1,false,3080,https://cards.scryfall.io/normal/front/2/7/278d7781-ddfe-4bcb-94bd-3c155030dfdc.jpg?1682200282,"Bolster",Domenico Cava,rare,0.18,0.19,,,,,"binder",false,"legendary,showcase,inverted","W","Legendary Creature — Spirit Soldier",nm,"undefined","undefined",
ktk,Khans of Tarkir,en,163,"Anafenza, the Foremost",1,false,7199,https://cards.scryfall.io/normal/front/c/8/c8b432a7-53da-4480-b571-e6feb1364a3a.jpg?1562793427,"",James Ryman,mythic,0.97,4.69,,0.59,1.73,,"binder",false,"","B,G,W","Legendary Creature — Human Soldier",nm,"Анафенза, Первейшая","undefined",
mkm,Murders at Karlov Manor,en,150,"Analyze the Pollen",1,true,16581,https://cards.scryfall.io/normal/front/5/5/5563967f-09fd-4ccf-8892-4dd0c2544c98.jpg?1706241940,"Collect evidence",Anna Christenson,rare,0.33,0.42,,0.45,0.58,,"binder",false,"","G","Sorcery",nm,"undefined","undefined",
mkm,Murders at Karlov Manor,en,308,"Analyze the Pollen",1,false,16581,https://cards.scryfall.io/normal/front/4/6/46e8faf9-4230-4bb5-ad2e-b520ab338c35.jpg?1706242479,"Collect evidence",Monztre,rare,0.49,1.25,,,,,"binder",false,"showcase,inverted","G","Sorcery",nm,"undefined","magnified,boosterfun",
c18,Commander 2018,en,53,"Ancient Stone Idol",2,false,3242,https://cards.scryfall.io/normal/front/d/3/d3975f5c-5dcd-40b8-9311-01a173c40381.jpg?1592710342,"Trample,Flash",Josh Hass,rare,0.28,,,0.64,,,"binder",false,"","","Artifact Creature — Golem",nm,"undefined","undefined",
snc,Streets of New Capenna,en,67,"Angel of Suffering",1,true,3968,https://cards.scryfall.io/normal/front/c/d/cd4aee25-496d-453e-95b7-d773fe21cacc.jpg?1664410701,"Flying,Mill",Martina Fačková,mythic,1.69,1.67,,1.15,1.36,,"binder",false,"","B","Creature — Nightmare Angel",nm,"Ангел Страдания","undefined",
m19,Core Set 2019,en,7,"Angel of the Dawn",1,false,13000,https://cards.scryfall.io/normal/front/f/4/f4bae0e4-1143-4dc4-afb1-e6b4201ff101.jpg?1562305274,"Flying",Livia Prima,common,0.04,0.97,,0.08,0.53,,"binder",false,"","W","Creature — Angel",nm,"Ангел Утренней Зари","undefined",
bbd,Battlebond,en,87,"Angelic Chorus",1,false,5101,https://cards.scryfall.io/normal/front/d/9/d9e966cb-bb42-49d8-b351-114619b31497.jpg?1562938832,"",Jim Murray,rare,5.17,7.61,,1.85,4.07,,"binder",false,"","W","Enchantment",nm,"undefined","undefined",
m20,Core Set 2020,en,302,"Angelic Guardian",1,false,9757,https://cards.scryfall.io/normal/front/e/0/e058dc51-b200-42ee-a345-a63cfaa397fe.jpg?1564022970,"Flying",Sara Winters,rare,4.56,,,2.22,,,"binder",false,"","W","Creature — Angel",nm,"Ангельский Хранитель","starterdeck",
soi,Shadows over Innistrad,en,242,"Anguished Unmaking",1,false,168,https://cards.scryfall.io/normal/front/9/0/90ced4fa-6509-4f7a-9da7-efc70de6f90c.jpg?1576385327,"",Wesley Burt,rare,4.63,7.94,,3.54,5.91,,"binder",false,"","B,W","Instant",nm,"Мучительное Уничтожение","undefined",
one,Phyrexia: All Will Be One,en,2,"Annex Sentry",1,true,7129,https://cards.scryfall.io/normal/front/0/4/04baad61-1b51-4602-9e33-0de4a9f34793.jpg?1675956886,"Toxic",David Astruga,uncommon,0.14,0.25,,0.12,0.19,,"binder",false,"","W","Artifact Creature — Phyrexian Cleric",nm,"undefined","undefined",
akh,Amonkhet,en,2,"Anointed Procession",1,false,256,https://cards.scryfall.io/normal/front/9/a/9a52c265-6920-4929-ba0a-70da08df01f1.jpg?1543674565,"",Victor Adame Minguez,rare,52.33,66.20,,29.73,33.17,,"binder",false,"","W","Enchantment",nm,"Умащенная Процессия","undefined",
c15,Commander 2015,en,32,"Arachnogenesis",1,false,2284,https://cards.scryfall.io/normal/front/7/9/7967cb69-1868-45c0-92d1-39dabe30f2a2.jpg?1562706128,"",Johannes Voss,rare,4.25,,,5.56,,,"binder",false,"","G","Instant",nm,"undefined","undefined",
cma,Commander Anthology,en,30,"Arcane Denial",1,false,76,https://cards.scryfall.io/normal/front/2/a/2a648138-8be1-4c33-b53c-b95037c6cb4a.jpg?1592672483,"",Mark Zug,common,3.55,,,2.52,,,"binder",false,"","U","Instant",nm,"Волшебный Запрет","undefined",
c14,Commander 2014,en,59,"Arcane Lighthouse",1,false,1044,https://cards.scryfall.io/normal/front/9/7/977e3112-b141-44c0-9e8d-d7a0b93092b9.jpg?1561951154,"",Igor Kieryluk,uncommon,4.30,,,2.07,,,"binder",false,"","","Land",nm,"undefined","undefined",
afc,Forgotten Realms Commander,en,197,"Arcane Signet",2,false,3,https://cards.scryfall.io/normal/front/5/5/552be01e-cd54-46ba-b38a-96883a48d985.jpg?1631588772,"",Dan Scott,common,0.53,,,0.45,,,"binder",false,"","","Artifact",nm,"Магическая Печать","undefined",
lcc,The Lost Caverns of Ixalan Commander,en,299,"Arcane Signet",1,false,3,https://cards.scryfall.io/normal/front/f/c/fc6c69a0-ac24-4486-8893-a6303d08fc6e.jpg?1698988499,"",Dan Scott,common,0.44,,,0.53,,,"binder",false,"","","Artifact",nm,"Магическая Печать","undefined",
c20,Commander 2020,en,237,"Arcane Signet",1,false,3,https://cards.scryfall.io/normal/front/1/4/1486170d-4ad3-4318-bf72-f948617d567f.jpg?1591321552,"",Dan Scott,common,0.50,,,0.52,,,"binder",false,"","","Artifact",nm,"Магическая Печать","undefined",
c18,Commander 2018,en,81,"Archetype of Imagination",1,false,1515,https://cards.scryfall.io/normal/front/0/3/037b396c-2146-4d86-9d13-757685c850c7.jpg?1592710522,"",Robbie Trevino,uncommon,1.14,,,0.79,,,"binder",false,"nyxtouched","U","Enchantment Creature — Human Wizard",nm,"undefined","undefined",
clb,Commander Legends: Battle for Baldur's Gate,en,4,"Archivist of Oghma",1,false,445,https://cards.scryfall.io/normal/front/f/6/f6589e02-8c84-4069-88d1-ebcc8520cae1.jpg?1674134875,"Flash",Stella Spente,rare,5.17,5.95,,7.35,8.35,,"binder",false,"","W","Creature — Halfling Cleric",nm,"Архивариус Огмы","undefined",
stx,Strixhaven: School of Mages,en,37,"Archmage Emeritus",1,false,279,https://cards.scryfall.io/normal/front/7/6/761df6cd-0928-4167-8902-58fdb50181a0.jpg?1624589970,"Magecraft",Caio Monteiro,rare,4.73,3.83,,3.82,4.84,,"binder",false,"","U","Creature — Human Wizard",nm,"Заслуженный Архимаг","undefined",
mh2,Modern Horizons 2,en,75,"Archon of Cruelty",1,true,1575,https://cards.scryfall.io/normal/front/1/b/1be9d9a4-d7ee-4854-abc2-85cabf993ec9.jpg?1626095274,"Flying",Andrew Mar,mythic,11.57,17.56,,12.67,22.74,,"binder",false,"","B","Creature — Archon",nm,"Архонт Жестокости","undefined",
thb,Theros Beyond Death,en,3,"Archon of Sun's Grace",1,false,926,https://cards.scryfall.io/normal/front/2/3/235e5999-e8e5-4093-adff-9d47aec70d10.jpg?1581478942,"Flying,Lifelink,Constellation",Matt Stewart,rare,0.57,1.14,,0.43,1.09,,"binder",false,"","W","Creature — Archon",nm,"Архонт Милости Солнца","undefined",
woe,Wilds of Eldraine,en,1,"Archon of the Wild Rose",1,false,10092,https://cards.scryfall.io/normal/front/0/0/00174be7-0dc8-43b9-81b6-f25a8c3fb4eb.jpg?1692936281,"Flying",Chris Rahn,rare,0.13,0.22,,0.21,0.35,,"binder",false,"","W","Creature — Archon",nm,"undefined","undefined",
mom,March of the Machine,en,89,"Archpriest of Shadows",1,false,3646,https://cards.scryfall.io/normal/front/f/5/f5931746-a55c-4528-9e4a-ee15edab3489.jpg?1682203557,"Backup,Deathtouch",Fariba Khamseh,rare,0.34,0.43,,0.35,0.60,,"binder",false,"","B","Creature — Human Warlock",nm,"undefined","undefined",
csp,Coldsnap,en,27,"Arcum Dagsson",1,false,4545,https://cards.scryfall.io/normal/front/d/d/dd9d3ce7-53db-4808-88bc-03c120211f81.jpg?1593274883,"",Pete Venters,rare,8.37,49.96,,7.50,17.54,,"binder",false,"","U","Legendary Creature — Human Artificer",nm,"undefined","undefined",
ema,Eternal Masters,en,158,"Argothian Enchantress",1,false,2375,https://cards.scryfall.io/normal/front/b/9/b99ff81f-08d9-4b4a-a879-de5e5e402802.jpg?1580014727,"Shroud",Daren Bader,mythic,38.09,67.41,,27.59,43.25,,"binder",false,"","G","Creature — Human Druid",nm,"undefined","undefined",
c18,Commander 2018,en,38,"Arixmethes, Slumbering Isle",1,false,2341,https://cards.scryfall.io/normal/front/c/7/c723c7dc-a452-49ec-a4e5-9e516fe530e9.jpg?1592710246,"",Dimitar Marinski,rare,0.83,,,2.08,,,"binder",false,"legendary","G,U","Legendary Creature — Kraken",nm,"undefined","undefined",
lcc,The Lost Caverns of Ixalan Commander,en,67,"Arm-Mounted Anchor",1,false,13394,https://cards.scryfall.io/normal/front/c/6/c617acc6-5dd6-4781-99fc-768e1d08c219.jpg?1700657157,"Equip",Nino Vecia,rare,0.10,,,,,,"binder",false,"extendedart","","Artifact — Equipment",nm,"undefined","boosterfun",
c16,Commander 2016,en,179,"Artifact Mutation",1,false,1431,https://cards.scryfall.io/normal/front/a/d/ad22e43b-e244-43f2-bb2a-f94b777a4602.jpg?1562414975,"",Greg Staples,rare,0.65,,,0.48,,,"binder",false,"","G,R","Instant",nm,"undefined","undefined",
lrw,Lorwyn,en,150,"Ashling's Prerogative",1,false,12230,https://cards.scryfall.io/normal/front/d/8/d850d95e-ba27-49cc-aa7a-42508852fe20.jpg?1587039822,"",Warren Mahy,rare,0.76,8.13,,0.44,1.93,,"binder",false,"","R","Enchantment",nm,"Прерогатива Огневушки","undefined",
atq,Antiquities,en,38,"Ashnod's Altar",1,false,99,https://cards.scryfall.io/normal/front/c/d/cdcccb0f-ce96-453b-9e82-41d87f52e58b.jpg?1562938535,"",Anson Maddocks,uncommon,24.97,,,19.48,,,"binder",false,"","","Artifact",nm,"undefined","undefined",
mh2,Modern Horizons 2,en,417,"Asmoranomardicadaistinaculdacar",1,true,9142,https://cards.scryfall.io/normal/front/5/e/5e6fac09-34e1-495a-ba70-8110845fbefb.jpg?1626103338,"",Ryan Pancoast,rare,1.01,0.59,1.13,0.72,1.45,,"binder",false,"","B,R","Legendary Creature — Human Wizard",nm,"Асмораномардикадайстинакулдакар","boosterfun",
mkm,Murders at Karlov Manor,en,187,"Assassin's Trophy",1,true,143,https://cards.scryfall.io/normal/front/e/d/ed6c7d29-71b4-4134-b591-5598f479d592.jpg?1706242115,"",Dmitry Burmak,rare,2.14,2.73,,1.93,2.54,,"binder",false,"","B,G","Instant",nm,"undefined","undefined",
mkm,Murders at Karlov Manor,en,412,"Assassin's Trophy",1,false,143,https://cards.scryfall.io/normal/front/d/6/d6644d62-3d2a-4db1-a387-736fcad9a851.jpg?1706242790,"",Dmitry Burmak,rare,2.46,3.26,,,,,"binder",false,"extendedart","B,G","Instant",nm,"undefined","boosterfun",
mkm,Murders at Karlov Manor,en,412,"Assassin's Trophy",1,true,143,https://cards.scryfall.io/normal/front/d/6/d6644d62-3d2a-4db1-a387-736fcad9a851.jpg?1706242790,"",Dmitry Burmak,rare,2.46,3.26,,,,,"binder",false,"extendedart","B,G","Instant",nm,"undefined","boosterfun",
gtc,Gatecrash,en,142,"Assemble the Legion",1,false,1935,https://cards.scryfall.io/normal/front/4/3/43675ed7-ece1-4414-965e-9ebadcbf3dfb.jpg?1561824560,"",Eric Deschamps,rare,0.45,6.07,,0.37,4.52,,"binder",false,"","R,W","Enchantment",nm,"Созыв Легиона","undefined",
mkm,Murders at Karlov Manor,en,287,"Assemble the Players",1,true,12531,https://cards.scryfall.io/normal/front/c/8/c88c5959-c033-46d0-94ea-df22988dc923.jpg?1706242419,"",Monztre,rare,0.69,0.77,,,,,"binder",false,"showcase,inverted","W","Enchantment",nm,"undefined","magnified,boosterfun",
one,Phyrexia: All Will Be One,en,316,"Atraxa, Grand Unifier",1,false,2922,https://cards.scryfall.io/normal/front/e/5/e51e5d02-d3d0-45e5-a589-1fe25ff5082b.jpg?1675957351,"Deathtouch,Flying,Lifelink,Vigilance",Anato Finnstark,mythic,23.52,31.06,,23.81,34.63,,"binder",false,"showcase,legendary,inverted","B,G,U,W","Legendary Creature — Phyrexian Angel",nm,"undefined","boosterfun",
m13,Magic 2013,en,5,"Attended Knight",1,false,14292,https://cards.scryfall.io/normal/front/c/0/c0f5cb3f-c27d-4b35-930f-00d806393796.jpg?1562559584,"First strike",Seb McKinnon,common,0.06,0.68,,0.09,0.57,,"binder",false,"","W","Creature — Human Knight",nm,"Сопровождаемый Рыцарь","undefined",
lci,The Lost Caverns of Ixalan,en,4,"Attentive Sunscribe",1,true,17506,https://cards.scryfall.io/normal/front/a/d/ad1a0159-7f00-429c-9318-b028b1e03ba8.jpg?1699043082,"Scry",Devin Platts,common,0.01,0.02,,0.07,0.04,,"binder",false,"","W","Artifact Creature — Gnome",nm,"undefined","undefined",
mkm,Murders at Karlov Manor,en,309,"Audience with Trostani",1,true,18727,https://cards.scryfall.io/normal/front/8/b/8b4b7b29-b1c1-4413-80d9-3c8585ed8eb4.jpg?1706242482,"",Hendry Iwanaga,rare,0.18,0.44,,,,,"binder",false,"showcase,inverted","G","Sorcery",nm,"undefined","magnified,boosterfun",
cmd,Commander 2011,en,182,"Aura Shards",1,false,635,https://cards.scryfall.io/normal/front/a/6/a6222cc6-996e-4b73-af87-e837bf1eb921.jpg?1592713940,"",Ron Spencer,uncommon,18.73,,,8.78,,,"binder",false,"","G,W","Enchantment",nm,"undefined","undefined",
pca,Planechase Anthology,en,3,"Auratouched Mage",1,false,13640,https://cards.scryfall.io/normal/front/5/8/58b6a101-a6b0-4277-932d-a89eb2741f7c.jpg?1562911369,"",Jeff Miracola,uncommon,0.23,,,0.19,,,"binder",false,"","W","Creature — Human Wizard",nm,"undefined","undefined",
mkm,Murders at Karlov Manor,en,357,"Aurelia, the Law Above",1,false,8623,https://cards.scryfall.io/normal/front/1/c/1c5598d3-b66b-42a2-aa43-d2785c1bfe36.jpg?1706242625,"Flying,Vigilance,Haste",Peter Diamond,rare,1.28,4.03,,,,,"binder",false,"showcase,legendary","R,W","Legendary Creature — Angel",nm,"undefined","dossier,boosterfun",
mkm,Murders at Karlov Manor,en,336,"Aurelia's Vindicator",1,false,18140,https://cards.scryfall.io/normal/front/9/7/975b5145-b30e-4ae3-b318-3b245bf12cc3.jpg?1706242560,"Flying,Lifelink,Disguise,Ward",Roberta Ingranata,mythic,1.42,2.83,,,,,"binder",false,"showcase","W","Creature — Angel",nm,"undefined","dossier,boosterfun",
mkm,Murders at Karlov Manor,en,5,"Auspicious Arrival",1,true,22720,https://cards.scryfall.io/normal/front/5/1/5180c85c-6add-4066-83c4-27fb1fd4de16.jpg?1706241453,"Investigate",Lie Setiawan,common,0.02,0.04,,0.02,0.02,,"binder",false,"","W","Instant",nm,"undefined","undefined",
mkm,Murders at Karlov Manor,en,288,"Auspicious Arrival",1,false,22720,https://cards.scryfall.io/normal/front/4/9/49598c0a-3b3c-42a2-9358-ff072de9d9f2.jpg?1706242419,"Investigate",Robin Olausson,common,0.02,0.09,,,,,"binder",false,"showcase,inverted","W","Instant",nm,"undefined","magnified,boosterfun",
kld,Kaladesh,en,5,"Authority of the Consuls",1,false,676,https://cards.scryfall.io/normal/front/3/2/324b2f55-1e09-490e-8f7e-bfde85a91ac4.jpg?1576380742,"",Lake Hurwitz,rare,12.76,17.69,,9.48,12.41,,"binder",false,"","W","Enchantment",nm,"Власть Консулов","undefined",
isd,Innistrad,en,170,"Avacyn's Pilgrim",4,false,318,https://cards.scryfall.io/normal/front/7/e/7eb39e97-53c2-4df0-9fb3-a3d6a24ec41f.jpg?1562832870,"",Jana Schirmer & Johannes Voss,common,0.33,4.89,,0.27,2.79,,"binder",false,"","G","Creature — Human Monk",nm,"Пилигрим Авацины","undefined",
wwk,Worldwake,en,96,"Avenger of Zendikar",1,false,206,https://cards.scryfall.io/normal/front/d/d/dde073e0-f329-4ab0-8e31-a48929e017ce.jpg?1562297643,"Landfall",Zoltan Boros & Gabor Szikszai,mythic,4.15,28.43,,3.89,14.70,,"binder",false,"","G","Creature — Elemental",nm,"Зендикарский Мститель","undefined",
pca,Planechase Anthology,en,56,"Awakening Zone",1,false,1458,https://cards.scryfall.io/normal/front/b/a/bae2f694-a4e1-4cfd-a0bf-07aaf27886a6.jpg?1562929885,"",Johann Bodin,rare,1.16,,,1.21,,,"binder",false,"","G","Enchantment",nm,"undefined","undefined",
dis,Dissension,en,2,"Azorius Herald",1,false,19663,https://cards.scryfall.io/normal/front/1/9/1923ffb2-1fab-475a-914a-120312e26628.jpg?1593272430,"",Justin Sweet,uncommon,0.25,1.09,,0.06,1.32,,"binder",false,"","W","Creature — Spirit",nm,"Глашатай Азориусов","undefined",
c18,Commander 2018,en,196,"Azorius Signet",1,false,128,https://cards.scryfall.io/normal/front/2/0/20daf226-12c3-460c-b66a-e447346076d2.jpg?1592711191,"",Raoul Vitale,uncommon,0.51,,,0.26,,,"binder",false,"","","Artifact",nm,"undefined","undefined",
m11,Magic 2011,en,164,"Back to Nature",1,false,7871,https://cards.scryfall.io/normal/front/e/7/e7af9ebf-8935-4107-aacd-4c643b68cb6e.jpg?1562479133,"",Howard Lyon,uncommon,0.35,7.07,,0.36,2.56,,"binder",false,"","G","Instant",nm,"Назад к Природе","undefined",
clb,Commander Legends: Battle for Baldur's Gate,en,345,"Baldur's Gate",1,false,2006,https://cards.scryfall.io/normal/front/2/4/2436aa14-9200-4295-8041-b682cf3c4216.jpg?1674138111,"",Titus Lunter,rare,1.32,1.12,,1.23,1.50,,"binder",false,"legendary","","Legendary Land — Gate",nm,"Врата Балдура","undefined",
c16,Commander 2016,en,181,"Baleful Strix",4,false,350,https://cards.scryfall.io/normal/front/8/b/8b088449-2968-4f11-91b5-5e1f0a833725.jpg?1562409206,"Deathtouch,Flying",Nils Hamm,uncommon,1.63,,,2.90,,,"binder",false,"","B,U","Artifact Creature — Bird",nm,"undefined","undefined",
j22,Jumpstart 2022,en,495,"Banefire",1,false,2764,https://cards.scryfall.io/normal/front/7/6/7688ad33-62b2-46ab-b15b-2e20c28710de.jpg?1675650110,"",Raymond Swanland,rare,3.08,,,0.55,,,"binder",false,"","R","Sorcery",nm,"undefined","undefined",
mom,March of the Machine,en,218,"Baral and Kari Zev",1,false,6335,https://cards.scryfall.io/normal/front/c/c/cc43a788-ab06-4d28-b45a-aa47801d6ace.jpg?1682205186,"First strike,Menace",Fariba Khamseh,rare,0.25,0.36,,0.28,0.33,,"binder",false,"legendary","R,U","Legendary Creature — Human",nm,"undefined","undefined",
khm,Kaldheim,ru,251,"Barkchannel Pathway // Tidechannel Pathway",1,false,672,https://cards.scryfall.io/normal/front/b/6/b6de14ae-0132-4261-af00-630bf15918cd.jpg?1669839374,"",Daniel Ljunggren,rare,4.79,3.72,,5.15,5.29,,"binder",false,"","","Land // Land",nm,"undefined","undefined",
usg,Urza's Saga,en,63,"Barrin, Master Wizard",1,false,8379,https://cards.scryfall.io/normal/front/e/c/ec79e35f-9e78-462d-8b71-4f044e2eff90.jpg?1562944897,"",Michael Sutfin,rare,12.18,,,9.08,,,"binder",false,"","U","Legendary Creature — Human Wizard",nm,"undefined","undefined",
lci,The Lost Caverns of Ixalan,en,224,"Bartolomé del Presidio",1,false,4150,https://cards.scryfall.io/normal/front/6/9/690ccdc7-6c43-4902-9d11-2f07b7a36b11.jpg?1699044523,"",Randy Gallegos,uncommon,0.08,0.58,,0.12,0.29,,"binder",false,"legendary","B,W","Legendary Creature — Vampire Knight",nm,"undefined","undefined",
lci,The Lost Caverns of Ixalan,en,301,"Bartolomé del Presidio",1,true,4150,https://cards.scryfall.io/normal/front/f/8/f82bb486-7009-4b53-973f-477fc13ad7e7.jpg?1699100753,"",Pig Hands,uncommon,0.11,0.11,,,,,"binder",false,"showcase,legendary","B,W","Legendary Creature — Vampire Knight",nm,"undefined","boosterfun",
lci,The Lost Caverns of Ixalan,en,301,"Bartolomé del Presidio",1,false,4150,https://cards.scryfall.io/normal/front/f/8/f82bb486-7009-4b53-973f-477fc13ad7e7.jpg?1699100753,"",Pig Hands,uncommon,0.11,0.11,,,,,"binder",false,"showcase,legendary","B,W","Legendary Creature — Vampire Knight",nm,"undefined","boosterfun",
mkm,Murders at Karlov Manor,en,78,"Basilica Stalker",1,true,23811,https://cards.scryfall.io/normal/front/f/d/fdafea8f-283d-4f19-a74a-669bfbdfed98.jpg?1706241669,"Flying,Surveil,Disguise",Nicholas Gregory,common,0.05,0.05,,0.02,0.05,,"binder",false,"","B","Creature — Vampire Detective",nm,"undefined","undefined",
bro,The Brothers' War,en,257,"Battlefield Forge",1,false,190,https://cards.scryfall.io/normal/front/6/4/642584bb-7586-4796-9b94-f01ec5bd9e9f.jpg?1674422149,"",Thomas Stoop,rare,2.01,3.17,,1.37,1.94,,"binder",false,"","","Land",nm,"Кузница на Поле Боя","undefined",
ons,Onslaught,en,9,"Battlefield Medic",1,false,19079,https://cards.scryfall.io/normal/front/9/c/9c444503-42a8-4952-819b-bbca89b06abc.jpg?1562931867,"",Matt Thompson,common,0.15,0.26,,0.08,0.46,,"binder",false,"","W","Creature — Human Cleric",nm,"undefined","undefined",
c18,Commander 2018,en,131,"Bear Umbra",1,false,688,https://cards.scryfall.io/normal/front/f/0/f025451f-24aa-41d6-9051-c456e52bbdda.jpg?1592710811,"Totem armor,Enchant",Howard Lyon,rare,3.16,,,2.50,,,"binder",false,"","G","Enchantment — Aura",nm,"undefined","undefined",
sld,Secret Lair Drop,en,1008,"Bearscape",1,false,7898,https://cards.scryfall.io/normal/front/d/8/d8855d65-98fc-4b5f-bd68-95d2fda6345f.jpg?1682689900,"",Ricardo Bessa,rare,7.59,9.53,,,,,"binder",false,"inverted","G","Enchantment",nm,"undefined","undefined",
ddl,Duel Decks: Heroes vs. Monsters,en,69,"Beast Within",1,false,19,https://cards.scryfall.io/normal/front/7/6/76f8a300-44a8-4a70-93d1-64333c13f6f2.jpg?1592752271,"",Jesper Ejsing,uncommon,1.35,,,1.06,,,"binder",false,"","G","Instant",nm,"Зверь Внутри","undefined",
cn2,Conspiracy: Take the Crown,en,174,"Beast Within",1,false,19,https://cards.scryfall.io/normal/front/a/1/a172f74b-fcd5-456c-8a95-505dbd05e899.jpg?1576382962,"",Jesper Ejsing,uncommon,1.31,12.84,,1.05,7.41,,"binder",false,"","G","Instant",nm,"Зверь Внутри","undefined",
ktk,Khans of Tarkir,en,130,"Become Immense",1,false,10981,https://cards.scryfall.io/normal/front/5/e/5e17b65e-56c3-4e12-a774-780514dfd8ba.jpg?1562787250,"Delve",Jaime Jones,uncommon,0.12,0.82,,0.07,0.68,,"binder",false,"","G","Instant",nm,"Невероятный Размер","undefined",
usg,Urza's Saga,en,175,"Bedlam",1,false,6278,https://cards.scryfall.io/normal/front/a/3/a3e97dc9-8df3-4912-8564-7bdb2ac6564b.jpg?1562929532,"",Mike Raabe,rare,3.01,,,1.75,,,"binder",false,"","R","Enchantment",nm,"undefined","undefined",
mkm,Murders at Karlov Manor,en,39,"Behind the Mask",1,true,24958,https://cards.scryfall.io/normal/front/e/5/e522b043-fbd8-48a4-9f20-39e2a66a35ec.jpg?1706241555,"Collect evidence",Caio Monteiro,common,0.04,0.05,,0.02,0.04,,"binder",false,"","U","Instant",nm,"undefined","undefined",
lci,The Lost Caverns of Ixalan,en,320,"Belligerent Yearling",1,true,9124,https://cards.scryfall.io/normal/front/c/f/cf4639ca-d4dc-4630-b696-a8107767cf1a.jpg?1699044834,"Trample",Sidharth Chaturvedi,uncommon,0.05,0.08,,,,,"binder",false,"","R","Creature — Dinosaur",nm,"undefined","boosterfun",
c15,Commander 2015,en,86,"Bident of Thassa",1,false,442,https://cards.scryfall.io/normal/front/5/7/57af7aa5-8626-4de2-843f-a2dc250e1381.jpg?1562704522,"",Yeong-Hao Han,rare,1.51,,,1.81,,,"binder",false,"nyxtouched","U","Legendary Enchantment Artifact",nm,"Двузубец Тассы","undefined",
snc,Streets of New Capenna,en,102,"Big Score",3,false,286,https://cards.scryfall.io/normal/front/3/9/39d1578f-e2cf-4b93-8204-ed5434feb183.jpg?1664411405,"Treasure",Gaboleps,common,1.35,1.41,,1.60,2.14,,"binder",false,"","R","Instant",nm,"Большой Куш","undefined",
khm,Kaldheim,en,311,"Birgi, God of Storytelling // Harnfel, Horn of Bounty",1,false,411,https://cards.scryfall.io/normal/front/5/4/54dccbc0-528c-4e99-a6db-f2373978fe5f.jpg?1631054851,"",Richard Luong,rare,10.47,13.99,,10.32,14.08,,"binder",false,"showcase,legendary","R","Legendary Creature — God // Legendary Artifact",nm,"undefined","boosterfun",
lci,The Lost Caverns of Ixalan,en,91,"Bitter Triumph",1,true,4420,https://cards.scryfall.io/normal/front/0/5/05bdd22c-3e11-4c29-bdfa-d3dfc0e90a9f.jpg?1699044085,"",Donato Giancola,uncommon,1.68,4.19,,1.11,2.17,,"binder",false,"","B","Instant",nm,"undefined","undefined",
c17,Commander 2017,en,98,"Black Market",1,false,586,https://cards.scryfall.io/normal/front/7/7/779f87b6-b99c-4eb1-a43e-af275b9ef3b1.jpg?1562613081,"",Jeff Easley,rare,5.23,,,3.40,,,"binder",false,"","B","Enchantment",nm,"undefined","undefined",
ncc,New Capenna Commander,en,264,"Blasphemous Act",1,false,27,https://cards.scryfall.io/normal/front/0/b/0b98a8ac-9255-416d-b86a-46621c4bea4f.jpg?1673484303,"",Daarken,rare,2.22,,,2.04,,,"binder",false,"","R","Sorcery",nm,"Кощунственный Акт","undefined",
khm,Kaldheim,ru,252,"Blightstep Pathway // Searstep Pathway",1,true,569,https://cards.scryfall.io/normal/front/0/c/0ce39a19-f51d-4a35-ae80-5b82eb15fcff.jpg?1669839373,"",Ravenna Tran,rare,5.66,5.69,,5.29,5.76,,"binder",false,"","","Land // Land",nm,"undefined","undefined",
khm,Kaldheim,en,291,"Blightstep Pathway // Searstep Pathway",1,false,569,https://cards.scryfall.io/normal/front/3/9/3933326a-2014-4ac0-bfd3-8ff26e178920.jpg?1681355936,"",Johannes Voss,rare,5.54,6.09,,6.62,10.07,,"binder",false,"","","Land // Land",nm,"undefined","boosterfun",
gtc,Gatecrash,en,6,"Blind Obedience",1,false,449,https://cards.scryfall.io/normal/front/0/7/07c3e78d-d917-4552-842f-feff99c059e0.jpg?1561814751,"Extort",Seb McKinnon,rare,1.53,17.29,,2.27,11.36,,"binder",false,"","W","Enchantment",nm,"Слепое Повиновение","undefined",
2x2,Double Masters 2022,en,70,"Blood Artist",1,false,134,https://cards.scryfall.io/normal/front/6/9/693dd112-d04a-4404-8fce-74f7e5497312.jpg?1691108952,"",LA Draws,uncommon,2.19,2.36,,1.52,2.50,,"binder",false,"","B","Creature — Vampire",nm,"Кровавый Художник","undefined",
mkm,Murders at Karlov Manor,en,413,"Blood Spatter Analysis",1,false,23464,https://cards.scryfall.io/normal/front/f/8/f82a68f5-62ef-40c9-8a40-e7b79619f719.jpg?1706242791,"Mill",Jokubas Uogintas,rare,0.14,0.26,,,,,"binder",false,"extendedart","B,R","Enchantment",nm,"undefined","boosterfun",
2x2,Double Masters 2022,en,373,"Bloodbraid Elf",1,false,2957,https://cards.scryfall.io/normal/front/6/0/6031e3f0-0181-4785-9016-574823985a69.jpg?1674097393,"Haste,Cascade",Paolo Parente,uncommon,0.34,0.44,,0.29,0.78,,"binder",false,"inverted","G,R","Creature — Elf Berserker",nm,"undefined","boosterfun",
zen,Zendikar,en,82,"Bloodchief Ascension",1,false,1214,https://cards.scryfall.io/normal/front/a/a/aa213dbb-c52a-4084-92aa-d0b5d97a97d9.jpg?1562615322,"",Adi Granov,rare,6.67,21.37,,4.91,15.76,,"binder",false,"","B","Enchantment",nm,"Возвышение Кровавого Вождя","undefined",
lci,The Lost Caverns of Ixalan,en,336,"Bloodletter of Aclazotz",1,false,3016,https://cards.scryfall.io/normal/front/4/8/48c5b98d-73cd-4b69-9933-4867da6e8389.jpg?1700657181,"Flying",Bene Rohlmann,mythic,12.03,13.84,,,,,"binder",false,"borderless","B","Creature — Vampire Demon",nm,"undefined","boosterfun",
rex,Jurassic World Collection,en,8,"Blue, Loyal Raptor",1,false,20220,https://cards.scryfall.io/normal/front/0/a/0a764ec9-6a30-4df3-91b4-c64fd8e32fa0.jpg?1698988752,"Partner with,Partner",Maaz Ali Khan,rare,3.71,6.43,,,,,"binder",false,"legendary","G,U","Legendary Creature — Dinosaur",nm,"undefined","boosterfun",
c17,Commander 2017,en,238,"Bojuka Bog",1,false,28,https://cards.scryfall.io/normal/front/e/3/e379c13b-88c6-46ef-b3f6-d35ed2e8860b.jpg?1562626869,"",Howard Lyon,common,1.13,,,1.36,,,"binder",false,"","","Land",nm,"Боджукское Болото","undefined",
c13,Commander 2013,en,278,"Bojuka Bog",1,false,28,https://cards.scryfall.io/normal/front/2/e/2ef9848c-fe7f-4434-8936-4074f67883af.jpg?1562904890,"",Howard Lyon,common,1.46,,,1.18,,,"binder",false,"","","Land",nm,"Боджукское Болото","undefined",
war,War of the Spark,en,79,"Bolas's Citadel",1,false,169,https://cards.scryfall.io/normal/front/d/2/d2124603-d20e-40eb-97f0-a66323397ac2.jpg?1591205069,"",Jonas De Ro,rare,10.47,12.20,,3.81,4.56,,"binder",false,"legendary","B","Legendary Artifact",nm,"Цитадель Боласа","undefined",
mkm,Murders at Karlov Manor,en,112,"Bolrac-Clan Basher",1,true,22459,https://cards.scryfall.io/normal/front/b/8/b87683f7-8a61-4e4a-8b8b-3bf812454096.jpg?1706241824,"Trample,Disguise,Double strike",Warren Mahy,uncommon,0.06,0.09,,0.06,0.11,,"binder",false,"","R","Creature — Cyclops Warrior",nm,"undefined","undefined",
mm3,Modern Masters 2017,en,91,"Bonfire of the Damned",1,false,8001,https://cards.scryfall.io/normal/front/c/f/cf4f47a9-1c23-4d63-bb89-83c889615e50.jpg?1593813438,"Miracle",James Paick,mythic,2.06,5.34,,1.32,3.81,,"binder",false,"miracle","R","Sorcery",nm,"undefined","undefined",
bbd,Battlebond,en,56,"Bonus Round",1,false,3770,https://cards.scryfall.io/normal/front/e/2/e21aa266-4264-4e02-9403-02930e641573.jpg?1562940436,"",Lake Hurwitz,rare,5.01,13.27,,5.07,13.72,,"binder",false,"","R","Sorcery",nm,"undefined","undefined",
cma,Commander Anthology,en,212,"Boros Signet",1,false,158,https://cards.scryfall.io/normal/front/4/d/4d40227d-fda3-4a7e-bd6b-3b0384bdeb66.jpg?1592673579,"",Greg Hildebrandt,common,0.69,,,0.65,,,"binder",false,"","","Artifact",nm,"Печать Боросов","undefined",
lci,The Lost Caverns of Ixalan,en,360,"Braided Net // Braided Quipu",1,true,12245,https://cards.scryfall.io/normal/front/c/8/c8157978-259e-4af1-890e-ea56a55a9997.jpg?1699044963,"Craft",Diego Gisbert,rare,0.16,0.23,,,,,"binder",false,"extendedart","U","Artifact // Artifact",nm,"undefined","boosterfun",
lci,The Lost Caverns of Ixalan,en,360,"Braided Net // Braided Quipu",1,false,12245,https://cards.scryfall.io/normal/front/c/8/c8157978-259e-4af1-890e-ea56a55a9997.jpg?1699044963,"Craft",Diego Gisbert,rare,0.16,0.23,,,,,"binder",false,"extendedart","U","Artifact // Artifact",nm,"undefined","boosterfun",
2xm,Double Masters,en,44,"Brainstorm",1,false,45,https://cards.scryfall.io/normal/front/b/a/baeb0421-b7af-44cd-a7f6-7daaa3dcaa38.jpg?1598303782,"",Willian Murai,common,2.17,1.30,,1.19,1.29,,"binder",false,"","U","Instant",nm,"undefined","undefined",
pca,Planechase Anthology,en,59,"Bramble Elemental",1,false,20589,https://cards.scryfall.io/normal/front/c/3/c348fb8f-f151-4ade-8cb3-b994219340c0.jpg?1562931534,"",Tomas Giorello,common,0.10,,,0.05,,,"binder",false,"","G","Creature — Elemental",nm,"undefined","undefined",
m21,Core Set 2021,en,363,"Brash Taunter",1,false,813,https://cards.scryfall.io/normal/front/5/e/5ea0d236-bfd2-4f47-8592-2669834d01f1.jpg?1615019111,"Indestructible,Fight",Svetlin Velinov,rare,5.06,5.72,,3.18,5.04,,"binder",false,"extendedart","R","Creature — Goblin",nm,"Язвительный Насмешник","boosterfun",
rix,Rivals of Ixalan,en,94,"Brass's Bounty",1,false,903,https://cards.scryfall.io/normal/front/1/3/13505866-6ce9-4d11-b3f3-fc2f09839b71.jpg?1555040374,"Treasure",Grzegorz Rutkowski,rare,0.92,1.51,,0.75,0.91,,"binder",false,"","R","Sorcery",nm,"Добыча Бравады","undefined",
lci,The Lost Caverns of Ixalan,en,373,"Brass's Tunnel-Grinder // Tecutlan, the Searing Rift",1,true,4173,https://cards.scryfall.io/normal/front/d/b/db940d06-5e3d-4831-a200-de614c093aca.jpg?1699045012,"Transform,Discover",Cristi Balanescu,rare,1.43,1.81,,,,,"binder",false,"legendary,extendedart","R","Legendary Artifact // Legendary Land — Cave",nm,"undefined","boosterfun",
lci,The Lost Caverns of Ixalan,en,373,"Brass's Tunnel-Grinder // Tecutlan, the Searing Rift",1,false,4173,https://cards.scryfall.io/normal/front/d/b/db940d06-5e3d-4831-a200-de614c093aca.jpg?1699045012,"Transform,Discover",Cristi Balanescu,rare,1.43,1.81,,,,,"binder",false,"legendary,extendedart","R","Legendary Artifact // Legendary Land — Cave",nm,"undefined","boosterfun",
ktk,Khans of Tarkir,en,5,"Brave the Sands",1,false,1577,https://cards.scryfall.io/normal/front/e/f/ef9c2b8a-148c-4393-b691-e333ad11c44e.jpg?1562795758,"",Dave Kendall,uncommon,2.23,11.58,,1.21,4.35,,"binder",false,"","W","Enchantment",nm,"Преодолеть Пески","undefined",
mom,March of the Machine,en,94,"Breach the Multiverse",1,false,1381,https://cards.scryfall.io/normal/front/d/a/daf51a76-7a57-4462-ae18-a19e817e49e5.jpg?1682203621,"Mill",Liiga Smilshkalne,rare,6.76,6.45,,3.22,4.01,,"binder",false,"","B","Sorcery",nm,"undefined","undefined",
mkm,Murders at Karlov Manor,en,190,"Break Out",1,true,23142,https://cards.scryfall.io/normal/front/8/c/8c628476-0987-47d4-8d2a-cfc3977b2357.jpg?1706242124,"",Daniel Correia,uncommon,0.17,0.28,,0.25,1.01,,"binder",false,"","G,R","Sorcery",nm,"undefined","undefined",
pca,Planechase Anthology,en,60,"Brindle Shoat",1,false,15666,https://cards.scryfall.io/normal/front/9/d/9df65dc7-b695-4b6e-970f-430718ba6238.jpg?1562924403,"",Steven Belledin,uncommon,0.13,,,0.27,,,"binder",false,"","G","Creature — Boar",nm,"undefined","undefined",
bfz,Battle for Zendikar,ru,209,"Bring to Light",1,false,3307,https://cards.scryfall.io/normal/front/d/2/d25b13a4-6282-4426-8b01-9550f7d52d16.jpg?1562945077,"Converge",Jonas De Ro,rare,0.45,1.31,,0.59,2.18,,"binder",false,"","G,U","Sorcery",nm,"Залить Светом","undefined",
lci,The Lost Caverns of Ixalan,en,337,"Bringer of the Last Gift",1,true,8305,https://cards.scryfall.io/normal/front/0/9/09e732f7-85d7-4b2e-b332-9be30bfba3d5.jpg?1699044888,"Flying",Psydrian,rare,0.22,0.44,,,,,"binder",false,"","B","Creature — Vampire Demon",nm,"undefined","boosterfun",
snc,Streets of New Capenna,en,136,"Broken Wings",1,true,5137,https://cards.scryfall.io/normal/front/9/e/9eb94908-4f4a-487e-87ac-8d5bdefe9983.jpg?1664412065,"",Irina Nordsol,common,0.01,0.06,,0.02,0.09,,"binder",false,"","G","Instant",nm,"Сломанные Крылья","undefined",
c18,Commander 2018,en,39,"Brudiclad, Telchor Engineer",1,true,1797,https://cards.scryfall.io/normal/front/c/8/c8f6fd4d-7761-482c-a641-97eab1553e6a.jpg?1592710252,"",Daarken,mythic,,0.31,,,0.66,,"binder",false,"legendary","R,U","Legendary Artifact Creature — Phyrexian Artificer",nm,"undefined","undefined",
pc2,Planechase 2012,en,61,"Brutalizer Exarch",1,false,8675,https://cards.scryfall.io/normal/front/3/2/32544e56-aa3d-44d2-92ed-91c0f779896b.jpg?1575571830,"",Mark Zug,uncommon,0.30,,,0.18,,,"binder",false,"","G","Creature — Phyrexian Cleric",nm,"undefined","undefined",
mkm,Murders at Karlov Manor,en,41,"Bubble Smuggler",1,true,24295,https://cards.scryfall.io/normal/front/6/b/6b863ee0-d9f3-4b1e-993d-5212731d9353.jpg?1706241560,"Disguise",Leesha Hannigan,common,0.02,0.04,,0.02,0.02,,"binder",false,"","U","Creature — Octopus Fish",nm,"undefined","undefined",
mkm,Murders at Karlov Manor,en,42,"Burden of Proof",1,true,23206,https://cards.scryfall.io/normal/front/4/e/4ea29c34-4b55-4170-9120-0a8dda61f2eb.jpg?1706241564,"Enchant,Flash",Deruchenko Alexander,uncommon,0.02,0.12,,0.05,0.06,,"binder",false,"","U","Enchantment — Aura",nm,"undefined","undefined",
lci,The Lost Caverns of Ixalan,en,246,"Buried Treasure",1,true,14145,https://cards.scryfall.io/normal/front/4/c/4c9c45b6-dedd-4481-a06a-c83ace2f18fa.jpg?1699049852,"Discover",Jarel Threat,common,0.02,0.03,,0.07,0.07,,"binder",false,"","","Artifact — Treasure",nm,"undefined","undefined",
lci,The Lost Caverns of Ixalan,en,138,"Burning Sun Cavalry",1,true,21711,https://cards.scryfall.io/normal/front/0/c/0c491ac0-4752-47a7-967e-456b6e4245de.jpg?1699044244,"",Josu Hernaiz,common,0.01,0.01,,0.02,0.04,,"binder",false,"","R","Creature — Human Knight",nm,"undefined","undefined",
khc,Kaldheim Commander,en,98,"Burnished Hart",1,false,181,https://cards.scryfall.io/normal/front/5/5/552e8660-4f52-4ce6-aeee-306676746695.jpg?1631235677,"",Yeong-Hao Han,uncommon,0.13,,,0.16,,,"binder",false,"","","Artifact Creature — Elk",nm,"Сверкающий Олень","undefined",
md1,Modern Event Deck 2014,en,22,"Burrenton Forge-Tender",1,false,19839,https://cards.scryfall.io/normal/front/b/5/b50df9f4-2e10-452f-839e-3c479b58c53a.jpg?1562385667,"Protection",Chuck Lukacs,uncommon,0.27,,,0.24,,,"binder",false,"","W","Creature — Kithkin Wizard",nm,"undefined","undefined",
snc,Streets of New Capenna,en,172,"Cabaretti Ascendancy",1,false,7541,https://cards.scryfall.io/normal/front/9/7/9738d616-b38f-4968-89d6-805ae368e2d4.jpg?1664412758,"",Kari Christensen,rare,0.12,0.24,,0.13,0.27,,"binder",false,"","G,R,W","Enchantment",nm,"Возвышение Кабаретти","undefined",
one,Phyrexia: All Will Be One,en,124,"Cacophony Scamp",1,false,11968,https://cards.scryfall.io/normal/front/3/5/3553dcef-7b99-49d5-b071-06b894696952.jpg?1675957072,"Proliferate",Svetlin Velinov,uncommon,0.14,0.33,,0.13,0.31,,"binder",false,"","R","Creature — Phyrexian Goblin Warrior",nm,"undefined","undefined",
c15,Commander 2015,en,62,"Cage of Hands",1,false,10572,https://cards.scryfall.io/normal/front/2/c/2c81855c-800d-4f4b-9655-af5d320a3098.jpg?1562702565,"Enchant",Mark Tedin,common,0.09,,,0.13,,,"binder",false,"","W","Enchantment — Aura",nm,"undefined","undefined",
lci,The Lost Caverns of Ixalan,en,139,"Calamitous Cave-In",1,true,22115,https://cards.scryfall.io/normal/front/8/3/8341ddd9-aac1-4773-b8ce-51e35f696263.jpg?1699044244,"",Diego Gisbert,uncommon,0.01,0.05,,0.09,0.07,,"binder",false,"","R","Sorcery",nm,"undefined","undefined",
snc,Streets of New Capenna,en,103,"Call In a Professional",1,false,11884,https://cards.scryfall.io/normal/front/e/a/ead68c0a-eed1-4a9c-a790-56f8a79b444c.jpg?1664411424,"",Filip Burburan,uncommon,0.04,0.12,,0.08,0.20,,"binder",false,"","R","Instant",nm,"Позвать Профессионала","undefined",
one,Phyrexia: All Will Be One,en,161,"Cankerbloom",1,false,673,https://cards.scryfall.io/normal/front/8/9/89b39293-6f57-4294-85fc-c718bdbb4d40.jpg?1675957129,"Proliferate",Nicholas Gregory,uncommon,0.48,0.68,,0.23,0.26,,"binder",false,"","G","Creature — Phyrexian Fungus",nm,"undefined","undefined",
8ed,Eighth Edition,en,236,"Canopy Spider",1,false,12745,https://cards.scryfall.io/normal/front/d/e/def682d0-6091-49c8-ac46-da0884b8cdb3.jpg?1562939842,"Reach",Christopher Rush,common,0.07,,,0.05,,,"binder",false,"","G","Creature — Spider",nm,"undefined","undefined",
lci,The Lost Caverns of Ixalan,en,302,"Caparocti Sunborn",1,true,11753,https://cards.scryfall.io/normal/front/3/8/380ed1dc-afa2-4b00-8da6-6177295965b5.jpg?1699044764,"Discover",Cabrol,uncommon,0.02,0.03,,,,,"binder",false,"showcase,legendary","R,W","Legendary Creature — Human Soldier",nm,"undefined","boosterfun",
lci,The Lost Caverns of Ixalan,en,303,"Captain Storm, Cosmium Raider",1,true,9903,https://cards.scryfall.io/normal/front/f/5/f5e13dad-e326-4b8e-91c7-dc0d6c3bf51d.jpg?1699044767,"",rishxxv,uncommon,0.03,0.05,,,,,"binder",false,"showcase,legendary","R,U","Legendary Creature — Human Pirate",nm,"undefined","boosterfun",
lci,The Lost Caverns of Ixalan,en,247,"Careening Mine Cart",1,true,12793,https://cards.scryfall.io/normal/front/5/a/5a96d8ae-200a-40be-95a8-72b53638a090.jpg?1700056789,"Treasure,Crew",Hector Ortiz,uncommon,0.01,0.23,,0.06,0.14,,"binder",false,"","","Artifact — Vehicle",nm,"undefined","undefined",
lcc,The Lost Caverns of Ixalan Commander,en,26,"Carmen, Cruel Skymarcher",1,false,5464,https://cards.scryfall.io/normal/front/a/6/a61a6ff1-146c-4e2c-83d4-6d9fd3830a18.jpg?1698987818,"Flying",Randy Vargas,mythic,1.66,4.21,,,,,"binder",false,"legendary,extendedart","B,W","Legendary Creature — Vampire Soldier",nm,"undefined","boosterfun",
spg,Special Guests,en,10,"Carnage Tyrant",1,true,4027,https://cards.scryfall.io/normal/front/f/5/f5f20dd5-ff5f-4530-9a69-d6a3eab467f7.jpg?1698988693,"Hexproof,Trample",Monztre,mythic,10.12,8.24,,7.93,9.34,,"binder",false,"","G","Creature — Dinosaur",nm,"undefined","boosterfun",
lci,The Lost Caverns of Ixalan,en,248,"Cartographer's Companion",1,true,17961,https://cards.scryfall.io/normal/front/d/b/dbd8115e-4cb3-49b6-b74f-8fcfa28c6404.jpg?1699044595,"Explore",Chuck Lukacs,common,0.01,0.02,,0.05,0.03,,"binder",false,"","","Artifact Creature — Gnome",nm,"undefined","undefined",
ncc,New Capenna Commander,en,390,"Cascade Bluffs",1,false,571,https://cards.scryfall.io/normal/front/8/2/8249778c-d6ea-4a88-90ed-649ff332ffdc.jpg?1673485591,"",Brandon Kitkouski,rare,3.09,,,3.14,,,"binder",false,"","","Land",nm,"Скальные Водопады","undefined",
mkm,Murders at Karlov Manor,en,114,"Case of the Crimson Pulse",1,true,20430,https://cards.scryfall.io/normal/front/b/b/bb18b1de-bc08-4522-b891-6117a8271534.jpg?1706241824,"",Adam Paquette,rare,0.85,1.05,,0.91,1.96,,"binder",false,"","R","Enchantment — Case",nm,"undefined","undefined",
mkm,Murders at Karlov Manor,en,9,"Case of the Pilfered Proof",1,true,19891,https://cards.scryfall.io/normal/front/3/2/32927bf2-63c1-4402-99dc-3a0f2f8e0f9c.jpg?1706241469,"",Joshua Cairos,uncommon,0.04,0.12,,0.07,0.14,,"binder",false,"","W","Enchantment — Case",nm,"undefined","undefined",
mkm,Murders at Karlov Manor,en,1,"Case of the Shattered Pact",1,true,17563,https://cards.scryfall.io/normal/front/2/a/2a70f0ae-d49b-4cc8-9f76-895039c3dc39.jpg?1706241444,"Double strike",Peter Polach,uncommon,0.16,0.20,,0.13,0.18,,"binder",false,"","","Enchantment — Case",nm,"undefined","undefined",
clb,Commander Legends: Battle for Baldur's Gate,en,885,"Castle Vantress",1,false,564,https://cards.scryfall.io/normal/front/d/c/dcf70844-18b1-4046-ae1d-ef41790bdcde.jpg?1674142829,"Scry",John Avon,rare,1.21,,,1.14,,,"binder",false,"","","Land",nm,"Замок Вантресс","undefined",
c14,Commander 2014,en,67,"Cathars' Crusade",1,false,400,https://cards.scryfall.io/normal/front/9/c/9cddd843-78c6-4d47-8137-cd17e559ddd2.jpg?1561952063,"",Karl Kopinski,rare,11.45,,,12.51,,,"binder",false,"","W","Enchantment",nm,"Крестовый Поход Катаров","undefined",
lci,The Lost Caverns of Ixalan,en,270,"Cavernous Maw",1,true,15827,https://cards.scryfall.io/normal/front/2/a/2a51ebf6-a465-42e2-82b7-d2cb928ca632.jpg?1699044667,"",Alfven Ato,uncommon,0.05,0.10,,0.08,0.07,,"binder",false,"","","Land — Cave",nm,"undefined","undefined",
mkm,Murders at Karlov Manor,en,246,"Cease // Desist",1,true,24845,https://cards.scryfall.io/normal/front/c/b/cb59130a-a134-4383-b983-e4b526d11fb4.jpg?1706242296,"",Dominik Mayer,uncommon,0.08,0.13,,0.05,0.15,,"binder",false,"","B,G,W","Instant // Sorcery",nm,"undefined","undefined",
pca,Planechase Anthology,en,5,"Celestial Ancient",1,false,7122,https://cards.scryfall.io/normal/front/b/9/b942e6ca-fd5a-4462-9413-c82483601b61.jpg?1562929535,"Flying",Mark Tedin,rare,0.54,,,0.44,,,"binder",false,"","W","Creature — Elemental",nm,"undefined","undefined",
snc,Streets of New Capenna,en,235,"Cement Shoes",1,true,17223,https://cards.scryfall.io/normal/front/b/1/b1100dba-de2d-481e-b29c-71f6d34663ba.jpg?1664414098,"Equip",Mark Behm,uncommon,0.04,0.12,,0.03,0.07,,"binder",false,"","","Artifact — Equipment",nm,"Цементные Башмаки","undefined",
c18,Commander 2018,en,121,"Chain Reaction",1,false,520,https://cards.scryfall.io/normal/front/c/b/cbcdb367-7e50-4f51-890a-5f8321762e3f.jpg?1592710751,"",Trevor Claxton,rare,0.28,,,0.40,,,"binder",false,"","R","Sorcery",nm,"Цепная Реакция","undefined",
c21,Commander 2021,en,161,"Chain Reaction",1,false,520,https://cards.scryfall.io/normal/front/8/7/87687369-ebe8-49ba-8445-9ea3bef334a0.jpg?1625193579,"",Trevor Claxton,rare,0.24,,,0.26,,,"binder",false,"","R","Sorcery",nm,"Цепная Реакция","undefined",
mkm,Murders at Karlov Manor,en,157,"Chalk Outline",1,true,18695,https://cards.scryfall.io/normal/front/b/3/b3ff56c1-4153-4e15-9ac6-06d93fa2ae50.jpg?1706241961,"Investigate",Julia Griffin,uncommon,0.13,0.23,,0.10,0.26,,"binder",false,"","G","Enchantment",nm,"undefined","undefined",
avr,Avacyn Restored,en,171,"Champion of Lambholt",1,false,329,https://cards.scryfall.io/normal/front/e/8/e8ab9cd3-2faf-4500-a2ee-90b3a8d559c4.jpg?1592709304,"",Christopher Moeller,rare,1.27,16.90,,0.59,4.30,,"binder",false,"","G","Creature — Human Warrior",nm,"Защитница Ламбхольта","undefined",
cmm,Commander Masters,en,654,"Champion's Helm",1,false,3014,https://cards.scryfall.io/normal/front/1/4/147b0d7d-3657-4521-b370-3a4f3a419313.jpg?1690002332,"Equip",Paolo Parente,rare,3.13,3.14,,2.54,2.74,,"binder",false,"inverted","","Artifact — Equipment",nm,"undefined","boosterfun",
m20,Core Set 2020,en,12,"Daybreak Chaplain",1,false,19163,https://cards.scryfall.io/normal/front/0/c/0ce89a0b-d0e4-4c71-b131-0d3b0b76bc3b.jpg?1592516003,"Lifelink",Volkan Baǵa,common,0.05,0.13,,0.05,0.14,,"binder",false,"","W","Creature — Human Cleric",nm,"Капеллан Рассвета","undefined",
mom,March of the Machine,en,134,"Chandra, Hope's Beacon",1,false,3708,https://cards.scryfall.io/normal/front/a/1/a146ea07-ec1c-448d-b67a-dd9f9e27c2e0.jpg?1682204090,"",Kieran Yanner,mythic,5.49,5.82,,6.06,7.33,,"binder",false,"","R","Legendary Planeswalker — Chandra",nm,"undefined","undefined",
ss3,Signature Spellbook: Chandra,en,1,"Chandra, Torch of Defiance",1,false,1000,https://cards.scryfall.io/normal/front/c/7/c7bbb911-9de2-455d-9677-e1004db65dbd.jpg?1682721158,"",Magali Villeneuve,mythic,1.00,6.53,,2.51,6.87,,"binder",false,"inverted","R","Legendary Planeswalker — Chandra",nm,"Чандра, Факел Непокорности","undefined",
ugl,Unglued,en,72,"Chaos Confetti",1,false,,https://cards.scryfall.io/normal/front/a/5/a5cee00a-5ab5-43c3-8017-db20d37e69c4.jpg?1562799136,"",Mark Tedin,common,0.81,,,0.62,,,"binder",false,"","","Artifact",nm,"undefined","undefined",
2x2,Double Masters 2022,en,105,"Chaos Warp",1,false,29,https://cards.scryfall.io/normal/front/0/c/0c20d8d5-a54a-4d81-9211-e82a10abdde2.jpg?1673147757,"",Trevor Claxton,rare,1.04,1.65,,0.62,2.03,,"binder",false,"","R","Instant",nm,"Искривление Хаоса","undefined",
ncc,New Capenna Commander,en,266,"Chaos Warp",1,false,29,https://cards.scryfall.io/normal/front/8/5/85ad8ccf-ff98-4184-905f-81b573608a66.jpg?1673484322,"",Trevor Claxton,rare,1.27,,,1.00,,,"binder",false,"","R","Instant",nm,"Искривление Хаоса","undefined",
cm2,Commander Anthology Volume II,en,89,"Chaos Warp",1,false,29,https://cards.scryfall.io/normal/front/3/3/33a33b4c-2f3c-4f74-aa5b-ec6eb73ee4e7.jpg?1562273376,"",Trevor Claxton,rare,1.04,,,1.02,,,"binder",false,"","R","Instant",nm,"Искривление Хаоса","undefined",
lcc,The Lost Caverns of Ixalan Commander,en,38,"Charismatic Conqueror",1,false,3375,https://cards.scryfall.io/normal/front/a/a/aa65e964-8ca5-4e56-b770-b50cddbc7365.jpg?1699304305,"Vigilance",Bram Sels,rare,13.44,,,,,,"binder",false,"extendedart","W","Creature — Vampire Soldier",nm,"undefined","boosterfun",
mh2,Modern Horizons 2,en,152,"Chatterstorm",1,true,3807,https://cards.scryfall.io/normal/front/b/3/b34f0ac1-6894-4761-b62c-b85d927acf09.jpg?1631126059,"Storm",Milivoj Ćeran,common,0.10,0.21,,0.06,0.22,,"binder",false,"","G","Sorcery",nm,"Трескучий Шторм","undefined",
lci,The Lost Caverns of Ixalan,en,140,"Child of the Volcano",1,true,20116,https://cards.scryfall.io/normal/front/e/9/e964f026-9cbf-4fa2-acdc-60d19b88f183.jpg?1699044247,"Trample",Uriah Voth,common,0.02,0.01,,0.07,0.04,,"binder",false,"","R","Creature — Elemental",nm,"undefined","undefined",
mom,March of the Machine,en,51,"Chrome Host Seedshark",1,false,3450,https://cards.scryfall.io/normal/front/f/e/febaaeae-5c0d-45fa-8169-b27b4996f18e.jpg?1682203038,"Flying,Incubate,Transform",Donato Giancola,rare,4.16,4.33,,2.20,2.99,,"binder",false,"","U","Creature — Phyrexian Shark",nm,"undefined","undefined",
lci,The Lost Caverns of Ixalan,en,97,"Chupacabra Echo",1,true,12341,https://cards.scryfall.io/normal/front/b/d/bdd8eed6-91da-4454-a5e3-7bbfac614f47.jpg?1699044104,"Fathomless descent",Izzy,uncommon,0.04,0.08,,0.08,0.18,,"binder",false,"","B","Creature — Beast Horror Spirit",nm,"undefined","undefined",
6ed,Classic Sixth Edition,en,10,"Circle of Protection: Green",1,false,17023,https://cards.scryfall.io/normal/front/a/3/a3187cbd-7925-467b-a745-a0050045900b.jpg?1562821136,"",Gerry Grace,common,0.27,,,0.06,,,"binder",false,"","W","Enchantment",nm,"undefined","undefined",
mom,March of the Machine,en,135,"City on Fire",1,false,1190,https://cards.scryfall.io/normal/front/6/f/6f455cc1-a822-44ef-ba7c-bfcff69bd45e.jpg?1682204100,"Convoke",Jake Murray,rare,3.68,4.05,,2.14,3.01,,"binder",false,"","R","Enchantment",nm,"undefined","undefined",
mkm,Murders at Karlov Manor,en,82,"Clandestine Meddler",1,true,24063,https://cards.scryfall.io/normal/front/2/e/2e069de0-3218-456c-b191-93e755634783.jpg?1706241684,"Surveil",Jodie Muir,uncommon,0.08,0.11,,0.05,0.11,,"binder",false,"","B","Creature — Vampire Rogue",nm,"undefined","undefined",
lcc,The Lost Caverns of Ixalan Commander,en,2,"Clavileño, First of the Blessed",1,true,6712,https://cards.scryfall.io/normal/front/9/f/9f55b648-b1ec-407a-a0c7-7647755793d1.jpg?1699972735,"",Matt Stewart,mythic,0.66,0.31,,0.28,0.49,,"binder",false,"legendary","B,W","Legendary Creature — Vampire Cleric",nm,"undefined","undefined",
ktk,Khans of Tarkir,en,34,"Clever Impersonator",1,false,999,https://cards.scryfall.io/normal/front/c/d/cd8fffd3-81ad-47e3-a27b-d8059f2b506f.jpg?1562793709,"",Slawomir Maniak,mythic,3.33,13.34,,2.52,8.73,,"binder",false,"","U","Creature — Shapeshifter",nm,"Умелый Подражатель","undefined",
clb,Commander Legends: Battle for Baldur's Gate,en,350,"Cliffgate",1,true,1803,https://cards.scryfall.io/normal/front/5/5/557470dc-c594-4b26-81b9-356bedb0c215.jpg?1674138152,"",Emmanuel Shiu,common,0.24,2.21,,0.39,0.82,,"binder",false,"","","Land — Gate",nm,"Утесные Врата","undefined",
clb,Commander Legends: Battle for Baldur's Gate,en,222,"Cloakwood Swarmkeeper",1,false,10940,https://cards.scryfall.io/normal/front/b/6/b6918a85-1a10-4a73-917c-23bd0a877a04.jpg?1674137016,"Gathered Swarm",Yangtian Li,common,0.07,0.09,,0.09,0.21,,"binder",false,"","G","Creature — Elf Ranger",nm,"Хранитель Роя из Скрытолесья","undefined",
fut,Future Sight,en,160,"Cloud Key",1,false,776,https://cards.scryfall.io/normal/front/b/8/b893ab56-44a6-4b3c-bb3e-6deec298cbce.jpg?1562932147,"",Trevor Hairsine,rare,2.71,19.29,,1.68,20.09,,"binder",false,"","","Artifact",nm,"Ключ Облака","undefined",
avr,Avacyn Restored,en,12,"Cloudshift",1,false,1213,https://cards.scryfall.io/normal/front/3/5/35b06c8f-5f08-43bd-a548-2a98ba30fd41.jpg?1592708241,"",Howard Lyon,common,0.39,7.82,,0.37,3.94,,"binder",false,"","W","Instant",nm,"Сдвиг Облаков","undefined",
a25,Masters 25,en,223,"Coalition Relic",1,false,2111,https://cards.scryfall.io/normal/front/0/2/02c532e8-21f1-4d6f-a931-1ea48a6aeea2.jpg?1562432287,"",Jason Felix,rare,0.85,4.34,,0.49,3.04,,"binder",false,"","","Artifact",nm,"undefined","undefined",
lci,The Lost Caverns of Ixalan,en,179,"Coati Scavenger",1,true,17257,https://cards.scryfall.io/normal/front/d/2/d2c70d86-1764-487d-a415-15ae79ba570c.jpg?1699044379,"Descend",Alessandra Pisano,uncommon,0.01,0.05,,0.05,0.08,,"binder",false,"","G","Creature — Raccoon",nm,"undefined","undefined",
mkm,Murders at Karlov Manor,en,311,"Coerced to Kill",1,false,20975,https://cards.scryfall.io/normal/front/5/c/5c9c1153-93d6-4250-bc42-2d9fd3042e55.jpg?1706422728,"Enchant",Hendry Iwanaga,uncommon,0.04,0.10,,,,,"binder",false,"showcase,inverted","B,U","Enchantment — Aura",nm,"undefined","magnified,boosterfun",
mkm,Murders at Karlov Manor,en,46,"Cold Case Cracker",1,true,24132,https://cards.scryfall.io/normal/front/f/0/f082111b-9b1c-4a25-8c5d-d6ef77533a9b.jpg?1706241576,"Flying,Investigate",Wayne Wu,common,0.02,0.05,,0.03,0.02,,"binder",false,"","U","Creature — Spirit Detective",nm,"undefined","undefined",
lci,The Lost Caverns of Ixalan,en,180,"Colossadactyl",1,true,14204,https://cards.scryfall.io/normal/front/8/7/8702e776-be2c-48a9-9bc5-bb8ea514333b.jpg?1699044383,"Reach,Trample",Campbell White,uncommon,0.02,0.03,,0.02,0.09,,"binder",false,"","G","Creature — Dinosaur",nm,"undefined","undefined",
khc,Kaldheim Commander,en,108,"Command Tower",1,false,2,https://cards.scryfall.io/normal/front/7/4/74c5bc49-318c-44fc-b276-f6d036fdf054.jpg?1631235897,"",Evan Shipard,common,0.33,,,0.19,,,"binder",false,"","","Land",nm,"Командная Башня","undefined",
clb,Commander Legends: Battle for Baldur's Gate,en,529,"Commander Liara Portyr",1,true,5987,https://cards.scryfall.io/normal/front/1/1/11466e07-ba23-4058-8490-28b144ab39ae.jpg?1681412840,"",David Rapoza,uncommon,,,0.15,,,,"binder",false,"legendary,inverted","R,W","Legendary Creature — Human Soldier",nm,"undefined","boosterfun",
c18,Commander 2018,en,200,"Commander's Sphere",1,false,24,https://cards.scryfall.io/normal/front/8/b/8b991b05-60e4-49a6-9024-3465082d4932.jpg?1592711216,"",Ryan Alexander Lee,common,0.15,,,0.28,,,"binder",false,"","","Artifact",nm,"Сфера Командира","undefined",
cmm,Commander Masters,en,655,"Commander's Sphere",1,true,24,https://cards.scryfall.io/normal/front/5/1/516692b8-fbaf-4698-864b-5363aafc95b9.jpg?1690002343,"",Mark Poole,common,0.18,0.43,,0.24,0.58,,"binder",false,"inverted","","Artifact",nm,"Сфера Командира","boosterfun",
mkm,Murders at Karlov Manor,en,324,"Commercial District",1,false,8781,https://cards.scryfall.io/normal/front/3/a/3a9889ab-3527-414e-9c30-539f0608bd2b.jpg?1706242525,"Surveil",Sergey Glushakov,rare,5.78,9.48,,,,,"binder",false,"inverted","","Land — Mountain Forest",nm,"undefined","boosterfun",
dtk,Dragons of Tarkir,en,131,"Commune with Lava",1,false,2160,https://cards.scryfall.io/normal/front/0/5/051141cb-562a-42a5-984b-a83ee8baca51.jpg?1562781946,"",Ryan Barger,rare,0.31,3.94,,0.21,1.54,,"binder",false,"","R","Instant",nm,"Причащение Лавой","undefined",
lci,The Lost Caverns of Ixalan,en,250,"Compass Gnome",1,true,15532,https://cards.scryfall.io/normal/front/1/0/10e1030e-2b95-4807-9111-e495a2fc8813.jpg?1699387300,"",David Astruga,common,0.01,0.01,,0.07,0.08,,"binder",false,"","","Artifact Creature — Gnome",nm,"undefined","undefined",
rex,Jurassic World Collection,en,9,"Compy Swarm",1,false,9412,https://cards.scryfall.io/normal/front/8/0/800871ee-7394-4a31-98a7-4b92860208a1.jpg?1698988753,"",Izzy,rare,6.21,7.85,,,,,"binder",false,"","B,G","Creature — Dinosaur",nm,"undefined","boosterfun",
dis,Dissension,en,8,"Condemn",1,false,3435,https://cards.scryfall.io/normal/front/5/8/58d4f5a0-b2d0-4a60-b1e1-bb2140abfd6d.jpg?1593272482,"",Daren Bader,uncommon,0.31,4.83,,0.22,4.21,,"binder",false,"","W","Instant",nm,"Осуждение","undefined",
a25,Masters 25,en,8,"Congregate",1,false,6243,https://cards.scryfall.io/normal/front/8/6/8690166f-be52-48c4-9877-630b3f3dc614.jpg?1562437633,"",Mark Zug,uncommon,0.15,0.49,,0.09,0.43,,"binder",false,"","W","Instant",nm,"Конгрегация","undefined",
mkm,Murders at Karlov Manor,en,403,"Connecting the Dots",1,false,16597,https://cards.scryfall.io/normal/front/5/9/597b8c60-d06b-425b-9fca-f2e3dfb45623.jpg?1706242764,"",Aaron J. Riley,rare,0.34,0.74,,,,,"binder",false,"extendedart","R","Enchantment",nm,"undefined","boosterfun",
mbs,Mirrodin Besieged,en,21,"Consecrated Sphinx",2,false,538,https://cards.scryfall.io/normal/front/b/7/b7f6b20c-9871-433c-8557-44493447e914.jpg?1562614148,"Flying",Mark Zug,mythic,19.28,25.98,,17.54,42.36,,"binder",false,"","U","Creature — Sphinx",nm,"Освященный Сфинкс","undefined",
vow,Innistrad: Crimson Vow,ru,53,"Consuming Tide",1,false,3226,https://cards.scryfall.io/normal/front/5/8/5865f0f1-28a6-49ac-b61e-135845075d1f.jpg?1643587654,"",Viko Menezes,rare,0.38,0.52,,0.27,0.53,,"binder",false,"","U","Sorcery",nm,"Поглощающий Прилив","undefined",
usg,Urza's Saga,en,291,"Copper Gnomes",1,false,16186,https://cards.scryfall.io/normal/front/d/5/d5e326b7-6f6a-4249-a315-c5f017931c73.jpg?1562940255,"",Jeff Laubenstein,rare,1.84,,,1.12,,,"binder",false,"","","Artifact Creature — Gnome",nm,"undefined","undefined",
mkc,Murders at Karlov Manor Commander,en,330,"Copy Catchers",1,false,18312,https://cards.scryfall.io/normal/front/5/8/588ebe61-4697-4ef7-8800-3e88e168bb4e.jpg?1706241354,"Flying",Edgar Sánchez Hidalgo,rare,0.21,,,,,,"binder",false,"extendedart","U","Creature — Faerie",nm,"undefined","undefined",
c16,Commander 2016,en,190,"Corpsejack Menace",1,false,1583,https://cards.scryfall.io/normal/front/a/4/a407215e-6a16-4ce3-931e-226f883467c2.jpg?1562413765,"",Chris Rahn,rare,0.96,,,0.68,,,"binder",false,"","B,G","Creature — Fungus",nm,"undefined","undefined",
snc,Streets of New Capenna,en,70,"Corrupt Court Official",1,true,15307,https://cards.scryfall.io/normal/front/5/0/505c6215-4006-4c4f-897a-be051cb73fa7.jpg?1664410765,"",Drew Baker,common,0.03,0.07,,0.02,0.10,,"binder",false,"","B","Creature — Human Advisor",nm,"Продажный Судейский","undefined",
mom,March of the Machine,en,182,"Cosmic Hunger",1,true,5313,https://cards.scryfall.io/normal/front/b/8/b8eef541-6851-4312-ad2b-74f45c7ede6c.jpg?1682204714,"",Konstantin Porubov,common,0.11,0.22,,0.13,0.15,,"binder",false,"","G","Instant",nm,"undefined","undefined",
lci,The Lost Caverns of Ixalan,en,379,"Cosmium Confluence",1,true,17945,https://cards.scryfall.io/normal/front/1/f/1f8f827d-300a-4d75-b894-c6dd2e5997ce.jpg?1699045034,"",Kasia 'Kafis' Zielińska,rare,0.09,0.11,,,,,"binder",false,"extendedart","G","Sorcery",nm,"undefined","boosterfun",
lci,The Lost Caverns of Ixalan,en,379,"Cosmium Confluence",1,false,17945,https://cards.scryfall.io/normal/front/1/f/1f8f827d-300a-4d75-b894-c6dd2e5997ce.jpg?1699045034,"",Kasia 'Kafis' Zielińska,rare,0.09,0.11,,,,,"binder",false,"extendedart","G","Sorcery",nm,"undefined","boosterfun",
csp,Coldsnap,en,31,"Counterbalance",1,false,2702,https://cards.scryfall.io/normal/front/c/3/c329ff2b-0331-4934-a8df-870dd7bf402b.jpg?1593274911,"",John Zeleznik,uncommon,10.00,133.66,,6.65,42.21,,"binder",false,"","U","Enchantment",nm,"undefined","undefined",
a25,Masters 25,en,50,"Counterspell",1,false,17,https://cards.scryfall.io/normal/front/c/c/cca8eb95-d071-46a4-885c-3da25b401806.jpg?1562441143,"",Zack Stella,common,1.40,1.62,,0.73,1.75,,"binder",false,"","U","Instant",nm,"Отмена Заклинания","undefined",
mh2,Modern Horizons 2,en,308,"Counterspell",1,false,17,https://cards.scryfall.io/normal/front/2/c/2c358d75-01ad-4487-8104-425124b96aae.jpg?1702814066,"",Ryan Yee,rare,4.92,7.48,,4.74,8.84,,"binder",false,"inverted","U","Instant",nm,"Отмена Заклинания","boosterfun",
bng,Born of the Gods,en,119,"Courser of Kruphix",1,false,751,https://cards.scryfall.io/normal/front/d/a/da5a807f-58e8-4d92-a61c-47bb9b28977f.jpg?1593092436,"Landfall",Eric Deschamps,rare,0.83,3.93,,0.83,3.99,,"binder",false,"nyxtouched","G","Enchantment Creature — Centaur",nm,"Резвая Бегунья Круфикса","undefined",
cmr,Commander Legends,en,16,"Court of Grace",1,false,886,https://cards.scryfall.io/normal/front/0/2/02f0be1b-554e-4b61-b495-6e2a7369cdb1.jpg?1608908724,"",Denman Rooke,rare,0.70,1.10,,0.87,2.22,,"binder",false,"","W","Enchantment",nm,"undefined","undefined",
mkm,Murders at Karlov Manor,en,48,"Coveted Falcon",1,true,19569,https://cards.scryfall.io/normal/front/b/c/bc936987-d58b-4e7c-870f-379bcae77727.jpg?1706241580,"Flying,Disguise",Madeline Boni,rare,0.15,0.23,,0.07,0.43,,"binder",false,"","U","Artifact Creature — Bird",nm,"undefined","undefined",
znr,Zendikar Rising,en,95,"Coveted Prize",1,false,4619,https://cards.scryfall.io/normal/front/5/a/5afbc5d3-318f-4545-88d6-fc81e5466238.jpg?1604195385,"",Lie Setiawan,rare,0.19,0.27,,0.22,0.39,,"binder",false,"","B","Sorcery",nm,"Заветный Трофей","undefined",
moc,March of the Machine Commander,en,294,"Crack Open",1,false,5172,https://cards.scryfall.io/normal/front/8/2/829af103-68b4-4a4b-94b4-d272b38e45cd.jpg?1682209462,"Treasure",Yeong-Hao Han,common,0.06,,,0.14,,,"binder",false,"","G","Sorcery",nm,"Открыть Силой","undefined",
stx,Strixhaven: School of Mages,en,95,"Crackle with Power",1,false,1321,https://cards.scryfall.io/normal/front/d/e/de547f52-3798-4b3a-947d-24873251204b.jpg?1624591645,"",Micah Epstein,mythic,10.92,12.50,,9.45,10.54,,"binder",false,"","R","Sorcery",nm,"Искрящаяся Мощь","undefined",
c18,Commander 2018,en,29,"Crash of Rhino Beetles",1,false,6782,https://cards.scryfall.io/normal/front/c/8/c87715d6-4ce1-43d8-9909-e1d80c2d099f.jpg?1592710193,"Trample",Mike Burns,rare,0.42,,,0.71,,,"binder",false,"","G","Creature — Insect",nm,"undefined","undefined",
cmm,Commander Masters,en,944,"Crashing Drawbridge",1,false,983,https://cards.scryfall.io/normal/front/b/c/bc3e81f3-b456-4fe6-941d-a7f2bf4aa844.jpg?1690005413,"Defender",Mark Behm,common,1.25,,,0.33,,,"binder",false,"","","Artifact Creature — Wall",nm,"Опускающийся Мост","undefined",
8ed,Eighth Edition,en,239,"Craw Wurm",1,false,17738,https://cards.scryfall.io/normal/front/9/e/9edc5392-0529-471c-858f-5602aabb626c.jpg?1562927045,"",Heather Hudson,common,0.10,,,0.05,,,"binder",false,"","G","Creature — Wurm",nm,"undefined","undefined",
cmd,Commander 2011,en,12,"Crescendo of War",1,false,9814,https://cards.scryfall.io/normal/front/a/b/ab4e8458-58b1-4218-9923-7f1aa393ff7d.jpg?1592712759,"",Daarken,rare,0.90,,,1.92,,,"binder",false,"","W","Enchantment",nm,"undefined","undefined",
hou,Hour of Devastation,en,6,"Crested Sunmare",1,false,3115,https://cards.scryfall.io/normal/front/7/3/732fa4c9-11da-4bdb-96af-aa37c74be25f.jpg?1562803341,"",Lucas Graciano,mythic,6.75,7.89,,4.89,6.90,,"binder",false,"","W","Creature — Horse",nm,"Златогривый Солнечный Конь","undefined",
rex,Jurassic World Collection,en,2,"Cresting Mosasaurus",1,false,12784,https://cards.scryfall.io/normal/front/b/6/b6011e4b-a8a7-4cad-a276-c1022b45edc3.jpg?1698988734,"Emerge",Chris Rallis,rare,1.71,3.07,,,,,"binder",false,"","U","Creature — Dinosaur",nm,"undefined","boosterfun",
mkm,Murders at Karlov Manor,en,121,"Crime Novelist",1,true,9539,https://cards.scryfall.io/normal/front/1/4/14a5cd7c-b0b1-4ffa-a806-bb0e73baffad.jpg?1706241850,"",Izzy,uncommon,1.87,3.34,,1.75,3.26,,"binder",false,"","R","Creature — Goblin Bard",nm,"undefined","undefined",
ulg,Urza's Legacy,en,98,"Crop Rotation",1,false,227,https://cards.scryfall.io/normal/front/6/5/6563f790-862c-465a-b963-7a61f2385516.jpg?1562863277,"",DiTerlizzi,common,1.54,139.14,,1.18,124.22,,"binder",false,"","G","Instant",nm,"undefined","undefined",
c17,Commander 2017,en,168,"Crosis, the Purger",1,false,8722,https://cards.scryfall.io/normal/front/b/e/be667162-cd28-403c-b65f-dadc5459e757.jpg?1562622151,"Flying",Chris Rahn,rare,0.48,,,0.51,,,"binder",false,"","B,R,U","Legendary Creature — Dragon",nm,"undefined","undefined",
mkm,Murders at Karlov Manor,en,193,"Crowd-Control Warden",1,true,23946,https://cards.scryfall.io/normal/front/c/d/cdf0578f-4966-4ecd-81e1-83ae13126f13.jpg?1706242133,"Disguise",Diego Gisbert,common,0.02,0.04,,0.08,0.19,,"binder",false,"","G,W","Creature — Centaur Soldier",nm,"undefined","undefined",
m19,Core Set 2019,en,229,"Crucible of Worlds",1,false,490,https://cards.scryfall.io/normal/front/e/b/eb28b35c-28a5-4042-b21d-6d43658a16eb.jpg?1591196097,"",Ron Spencer,mythic,17.92,17.54,,14.20,17.45,,"binder",false,"","","Artifact",nm,"Тигель Миров","undefined",
mkm,Murders at Karlov Manor,en,50,"Cryptic Coat",1,true,16931,https://cards.scryfall.io/normal/front/0/c/0c3d7e2c-a104-4757-9984-fb31088f92c4.jpg?1706241584,"Cloak",Julia Metzger,rare,4.10,5.23,,6.38,9.15,,"binder",false,"","U","Artifact — Equipment",nm,"undefined","undefined",
mm2,Modern Masters 2015,en,43,"Cryptic Command",1,true,1657,https://cards.scryfall.io/normal/front/0/2/02fe76b0-86eb-4f5b-8877-657cb8a37fc3.jpg?1562258501,"",Wayne England,rare,7.91,7.04,,5.96,6.91,,"binder",false,"","U","Instant",nm,"undefined","undefined",
mkm,Murders at Karlov Manor,en,351,"Culvert Ambusher",1,true,22827,https://cards.scryfall.io/normal/front/8/2/82849769-ee1b-4f70-935c-9cb97772ade1.jpg?1706242607,"Disguise",Alex Stone,uncommon,0.03,0.17,,,,,"binder",false,"showcase","G","Creature — Wurm Horror",nm,"undefined","dossier,boosterfun",
mkm,Murders at Karlov Manor,en,51,"Curious Inquiry",1,true,19442,https://cards.scryfall.io/normal/front/5/a/5a3603c6-92df-45c7-b402-1f0a552ea398.jpg?1706241588,"Investigate,Enchant",Ekaterina Burmak,uncommon,0.06,0.21,,0.07,0.22,,"binder",false,"","U","Enchantment — Aura",nm,"undefined","undefined",
c17,Commander 2017,en,24,"Curse of Opulence",1,false,806,https://cards.scryfall.io/normal/front/e/2/e23db9d3-d11f-4b2c-8349-687bc0e9d4c2.jpg?1579814067,"Enchant",Kieran Yanner,uncommon,2.15,,,0.99,,,"binder",false,"","R","Enchantment — Aura Curse",nm,"Проклятие Изобилия","undefined",
c17,Commander 2017,en,24,"Curse of Opulence",1,false,806,https://cards.scryfall.io/normal/front/e/2/e23db9d3-d11f-4b2c-8349-687bc0e9d4c2.jpg?1579814067,"Enchant",Kieran Yanner,uncommon,2.15,,,0.99,,,"binder",false,"","R","Enchantment — Aura Curse",nm,"Проклятие Изобилия","undefined",
c14,Commander 2014,en,104,"Cyclonic Rift",1,false,34,https://cards.scryfall.io/normal/front/1/f/1fadf1e3-4f4f-4f58-b8a9-11e14bb550f8.jpg?1561935676,"Overload",Chris Rahn,rare,31.78,,,25.09,,,"binder",false,"","U","Instant",nm,"Циклонический Разлом","undefined",
sld,Secret Lair Drop,en,251,"Dack Fayden",1,false,4221,https://cards.scryfall.io/normal/front/0/f/0fa3fa12-531b-41a1-a71b-a1a2670cf2db.jpg?1640745288,"",Greg Staples,mythic,8.81,,,8.68,,,"binder",false,"","R,U","Legendary Planeswalker — Dack",nm,"undefined","undefined",
cns,Conspiracy,en,43,"Dack's Duplicate",1,false,5817,https://cards.scryfall.io/normal/front/c/5/c5cd963b-08bd-40a3-be1c-01e20aa41424.jpg?1562866869,"",Karl Kopinski,rare,0.35,1.99,,0.42,2.42,,"binder",false,"","R,U","Creature — Shapeshifter",nm,"undefined","undefined",
dom,Dominaria,en,193,"Darigaaz Reincarnated",1,false,9408,https://cards.scryfall.io/normal/front/9/4/9459ffca-5a1f-4641-88d4-8a499b261faa.jpg?1562739719,"Flying,Haste,Trample",Grzegorz Rutkowski,mythic,0.56,4.21,,0.64,1.91,,"binder",false,"legendary","B,G,R","Legendary Creature — Dragon",nm,"Даригааз, Переродившийся","undefined",
ori,Magic Origins,ru,90,"Dark Petition",1,false,3193,https://cards.scryfall.io/normal/front/e/9/e9df9c5e-7087-42b2-9001-c89d40a66c68.jpg?1562047771,"Spell mastery",Igor Kieryluk,rare,3.00,9.56,,3.66,8.96,,"binder",false,"","B","Sorcery",nm,"Темное Воззвание","undefined",
c13,Commander 2013,en,9,"Darksteel Mutation",1,false,455,https://cards.scryfall.io/normal/front/d/f/df7d800b-0120-4036-81d7-dec60ccc8057.jpg?1562942142,"Enchant",Daniel Ljunggren,uncommon,1.39,,,0.96,,,"binder",false,"","W","Enchantment — Aura",nm,"undefined","undefined",
lci,The Lost Caverns of Ixalan,en,8,"Dauntless Dismantler",1,true,4414,https://cards.scryfall.io/normal/front/3/d/3d771631-0aab-4f09-b9a6-49b6b2d8d2aa.jpg?1699043129,"",Dibujante Nocturno,uncommon,0.33,2.95,,0.22,0.62,,"binder",false,"","W","Creature — Human Artificer",nm,"undefined","undefined",
lci,The Lost Caverns of Ixalan,en,8,"Dauntless Dismantler",1,false,4414,https://cards.scryfall.io/normal/front/3/d/3d771631-0aab-4f09-b9a6-49b6b2d8d2aa.jpg?1699043129,"",Dibujante Nocturno,uncommon,0.33,2.95,,0.22,0.62,,"binder",false,"","W","Creature — Human Artificer",nm,"undefined","undefined",
m15,Magic 2015,en,8,"Dauntless River Marshal",1,false,25050,https://cards.scryfall.io/normal/front/e/f/efedfd1e-5073-47e2-9137-5f2bf4e436e3.jpg?1562796757,"",Mark Winters,uncommon,0.07,0.24,,0.04,0.21,,"binder",false,"","W","Creature — Human Soldier",nm,"Бесстрашный Речной Пристав","undefined",
zen,Zendikar,ru,9,"Day of Judgment",1,false,1768,https://cards.scryfall.io/normal/front/2/a/2aa98fca-972b-46c2-bdec-6ace35c988d5.jpg?1562610835,"",Vincent Proce,rare,1.68,3.49,,0.93,2.48,,"binder",false,"","W","Sorcery",nm,"Судный День","undefined",
mm2,Modern Masters 2015,en,14,"Daybreak Coronet",1,false,2985,https://cards.scryfall.io/normal/front/2/1/21f6f35e-26b4-465d-9026-ffaa869c7722.jpg?1562259726,"Enchant",Johannes Voss,rare,2.69,8.21,,1.56,6.93,,"binder",false,"","W","Enchantment — Aura",nm,"undefined","undefined",
lci,The Lost Caverns of Ixalan,en,100,"Deathcap Marionette",1,true,11952,https://cards.scryfall.io/normal/front/c/c/ccc9d22c-dfce-4136-aed8-a5fe9bb852f2.jpg?1699044113,"Mill,Deathtouch",Svetlin Velinov,common,0.04,0.07,,0.12,0.13,,"binder",false,"","B","Creature — Fungus",nm,"undefined","undefined",
clb,Commander Legends: Battle for Baldur's Gate,en,309,"Decanter of Endless Water",1,false,246,https://cards.scryfall.io/normal/front/5/1/518bbc36-58ea-44c4-a857-75a3aff058f5.jpg?1674137804,"",Titus Lunter,common,1.98,2.21,,0.78,1.26,,"binder",false,"","","Artifact",nm,"Графин Бесконечной Воды","undefined",
clb,Commander Legends: Battle for Baldur's Gate,en,309,"Decanter of Endless Water",1,true,246,https://cards.scryfall.io/normal/front/5/1/518bbc36-58ea-44c4-a857-75a3aff058f5.jpg?1674137804,"",Titus Lunter,common,1.98,2.21,,0.78,1.26,,"binder",false,"","","Artifact",nm,"Графин Бесконечной Воды","undefined",
c16,Commander 2016,en,193,"Decimate",1,false,874,https://cards.scryfall.io/normal/front/d/f/df69d744-1fbf-4d17-b3a7-fa696e31e84d.jpg?1562422728,"",Zoltan Boros,rare,0.50,,,0.51,,,"binder",false,"","G,R","Sorcery",nm,"undefined","undefined",
lci,The Lost Caverns of Ixalan,en,9,"Deconstruction Hammer",1,true,16123,https://cards.scryfall.io/normal/front/0/c/0c7ba382-18c4-4833-b3d2-bd469ae2ad77.jpg?1699043140,"Equip",Dibujante Nocturno,common,0.02,0.08,,0.10,0.04,,"binder",false,"","W","Artifact — Equipment",nm,"undefined","undefined",
scg,Scourge,en,85,"Decree of Annihilation",1,false,7621,https://cards.scryfall.io/normal/front/7/3/73744717-518c-478e-9da9-201c49124f37.jpg?1562530626,"Cycling",John Avon,rare,1.91,17.19,,0.77,10.80,,"binder",false,"","R","Sorcery",nm,"undefined","undefined",
c13,Commander 2013,en,72,"Decree of Pain",1,false,1236,https://cards.scryfall.io/normal/front/8/5/85a24793-2d19-4e29-bdb9-0b8e0ba90fd3.jpg?1562923219,"Cycling",Mathias Kollros,rare,0.38,,,0.75,,,"binder",false,"","B","Sorcery",nm,"undefined","undefined",
mkm,Murders at Karlov Manor,en,52,"Deduce",1,true,13660,https://cards.scryfall.io/normal/front/7/c/7cbb17af-e17e-438a-ad72-0c942e6706b6.jpg?1706241592,"Investigate",Quintin Gleim,common,0.12,0.14,,0.11,0.17,,"binder",false,"","U","Instant",nm,"undefined","undefined",
mkm,Murders at Karlov Manor,en,293,"Deduce",1,false,13660,https://cards.scryfall.io/normal/front/5/a/5ad92dbd-828e-425f-8cab-819a04ea9020.jpg?1706242436,"Investigate",Ina Wong,common,0.16,0.27,,,,,"binder",false,"showcase,inverted","U","Instant",nm,"undefined","magnified,boosterfun",
mkm,Murders at Karlov Manor,en,293,"Deduce",1,true,13660,https://cards.scryfall.io/normal/front/5/a/5ad92dbd-828e-425f-8cab-819a04ea9020.jpg?1706242436,"Investigate",Ina Wong,common,0.16,0.27,,,,,"binder",false,"showcase,inverted","U","Instant",nm,"undefined","magnified,boosterfun",
mh1,Modern Horizons,en,20,"On Thin Ice",1,true,5546,https://cards.scryfall.io/normal/front/b/7/b7d4f6b0-ea17-4374-a80c-ba4dd207e9d6.jpg?1562201170,"Enchant",Lucas Graciano,rare,1.37,5.77,,2.16,6.19,,"binder",false,"","W","Snow Enchantment — Aura",nm,"По Тонкому Льду","undefined",
lci,The Lost Caverns of Ixalan,en,52,"Deeproot Pilgrimage",1,true,7339,https://cards.scryfall.io/normal/front/e/2/e2449311-a705-4a31-a345-a36d436ae561.jpg?1699043597,"",Rémi Jacquot,rare,0.96,1.26,,1.60,2.46,,"binder",false,"","U","Enchantment",nm,"undefined","undefined",
mh1,Modern Horizons,en,86,"Defile",1,true,887,https://cards.scryfall.io/normal/front/5/b/5bcb4398-edd1-41a7-a496-b12bce22ceb6.jpg?1562201610,"",Joe Slucher,common,0.78,3.18,,0.41,1.87,,"binder",false,"","B","Instant",nm,"Осквернение","undefined",
cmr,Commander Legends,en,444,"Deflecting Palm",1,false,1544,https://cards.scryfall.io/normal/front/c/5/c5580886-a402-4048-b8b6-39e19479f491.jpg?1608917621,"",Eric Deschamps,rare,1.74,,,1.24,,,"binder",false,"","R,W","Instant",nm,"Отражающая Ладонь","undefined",
mkm,Murders at Karlov Manor,en,122,"Demand Answers",1,true,6955,https://cards.scryfall.io/normal/front/e/c/eca092fc-7c67-4a73-989e-5297bbaaea76.jpg?1706241852,"",Justyna Dura,common,0.24,0.31,,0.28,0.45,,"binder",false,"","R","Instant",nm,"undefined","undefined",
mkm,Murders at Karlov Manor,en,306,"Demand Answers",1,false,6955,https://cards.scryfall.io/normal/front/2/a/2a35d1cb-5a61-49b7-a124-e8713655e4c3.jpg?1706242474,"",Robin Olausson,common,0.23,0.32,,,,,"binder",false,"showcase,inverted","R","Instant",nm,"undefined","magnified,boosterfun",
mkm,Murders at Karlov Manor,en,306,"Demand Answers",1,true,6955,https://cards.scryfall.io/normal/front/2/a/2a35d1cb-5a61-49b7-a124-e8713655e4c3.jpg?1706242474,"",Robin Olausson,common,0.23,0.32,,,,,"binder",false,"showcase,inverted","R","Instant",nm,"undefined","magnified,boosterfun",
snc,Streets of New Capenna,en,10,"Depopulate",1,false,5927,https://cards.scryfall.io/normal/front/c/5/c53c1898-9107-4bf8-b249-d0502fb9596d.jpg?1664409589,"",Jokubas Uogintas,rare,0.54,1.15,,0.51,0.57,,"binder",false,"","W","Sorcery",nm,"Депопуляция","undefined",
afc,Forgotten Realms Commander,en,184,"Despark",1,false,264,https://cards.scryfall.io/normal/front/9/7/970a63b9-c835-43f4-ba3e-f6b919a3f2d3.jpg?1631588479,"",Slawomir Maniak,uncommon,0.29,,,0.22,,,"binder",false,"","B,W","Instant",nm,"Лишение Искры","undefined",
pls,Planeshift,en,102,"Destructive Flow",1,false,14285,https://cards.scryfall.io/normal/front/7/d/7db86e34-c3ec-4a29-8779-81350a985644.jpg?1562921466,"",Don Hazeltine,rare,0.97,17.42,,0.70,13.74,,"binder",false,"","B,G,R","Enchantment",nm,"undefined","undefined",
m11,Magic 2011,en,133,"Destructive Force",1,false,12876,https://cards.scryfall.io/normal/front/1/a/1abde258-08e0-4762-8142-38e08a960f9d.jpg?1562452402,"",Jung Park,rare,0.38,2.06,,0.56,1.12,,"binder",false,"","R","Sorcery",nm,"Разрушительная Сила","undefined",
mkc,Murders at Karlov Manor Commander,en,331,"Detective of the Month",1,false,12474,https://cards.scryfall.io/normal/front/9/b/9bf37b66-1f00-4887-924d-35afdea72e83.jpg?1706241358,"Ascend",Stella Spente,rare,0.28,,,,,,"binder",false,"extendedart","U","Creature — Human Detective",nm,"undefined","undefined",
rtr,Return to Ravnica,en,155,"Detention Sphere",1,false,5209,https://cards.scryfall.io/normal/front/a/f/afee5464-83b7-4d7a-b407-9ee7de21535b.jpg?1562791607,"",Kev Walker,rare,0.31,4.87,,0.48,2.94,,"binder",false,"","U,W","Enchantment",nm,"Сфера Задержания","undefined",
c18,Commander 2018,en,85,"Devastation Tide",1,false,2487,https://cards.scryfall.io/normal/front/2/d/2d493bd6-af71-45be-bd4c-1d8f94bca19e.jpg?1592710546,"Miracle",Raymond Swanland,rare,0.53,,,0.69,,,"binder",false,"miracle","U","Sorcery",nm,"undefined","undefined",
uma,Ultimate Masters,en,162,"Devoted Druid",1,false,1052,https://cards.scryfall.io/normal/front/5/c/5c8a8dbb-cba7-4e1d-8888-73ab6f4aff07.jpg?1547517549,"",Kimonas Theodossiou,uncommon,0.45,1.10,,0.47,1.33,,"binder",false,"","G","Creature — Elf Druid",nm,"undefined","undefined",
cma,Commander Anthology,en,54,"Diabolic Tutor",1,false,302,https://cards.scryfall.io/normal/front/d/6/d650dd8c-edd8-44e4-ae95-aaaf84557a72.jpg?1592672628,"",Greg Staples,uncommon,1.51,,,0.90,,,"binder",false,"","B","Sorcery",nm,"Дьявольский Наставник","undefined",
jou,Journey into Nyx,en,8,"Dictate of Heliod",1,false,4039,https://cards.scryfall.io/normal/front/9/5/95602d52-988c-472b-ba8e-cf25aa92f1fc.jpg?1593095214,"Flash",Terese Nielsen,rare,0.40,10.09,,0.36,1.30,,"binder",false,"","W","Enchantment",nm,"Веление Гелиода","undefined",
c18,Commander 2018,en,86,"Dictate of Kruphix",1,false,1722,https://cards.scryfall.io/normal/front/a/a/aa9f176b-6d33-4510-9ba2-98bdd12ba34e.jpg?1592710552,"Flash",Daarken,rare,3.35,,,1.19,,,"binder",false,"","U","Enchantment",nm,"Веление Круфикса","undefined",
lci,The Lost Caverns of Ixalan,en,53,"Didact Echo",1,true,23541,https://cards.scryfall.io/normal/front/3/c/3c068b2e-17cc-4fb8-bd79-b775a4713d74.jpg?1699043607,"Descend",Irina Nordsol,common,0.02,0.01,,0.05,0.04,,"binder",false,"","U","Creature — Spirit Cleric",nm,"undefined","undefined",
m15,Magic 2015,en,50,"Diffusion Sliver",1,false,3717,https://cards.scryfall.io/normal/front/f/b/fb110a55-c8f9-4627-82c2-edb10db4f380.jpg?1562797421,"",Trevor Claxton,uncommon,0.42,7.07,,0.81,6.74,,"binder",false,"","U","Creature — Sliver",nm,"Рассеивающая Щепка","undefined",
lci,The Lost Caverns of Ixalan,en,252,"Digsite Conservator",1,true,17049,https://cards.scryfall.io/normal/front/d/f/dfa3cd5e-b727-479d-9a77-9f320b92f3f2.jpg?1699044605,"Discover",Racrufi,uncommon,0.01,0.02,,0.06,0.07,,"binder",false,"","","Artifact Creature — Gnome",nm,"undefined","undefined",
mul,Multiverse Legends,en,167,"Dina, Soul Steeper",1,true,2047,https://cards.scryfall.io/normal/front/d/0/d0628126-7cdb-4d16-9965-f62be911f43c.jpg?1682405252,"",Benjamin Ee,uncommon,,1.78,,,,,"binder",false,"legendary,showcase","B,G","Legendary Creature — Dryad Druid",nm,"Дина, Питающая Души","halofoil",
lcc,The Lost Caverns of Ixalan Commander,en,60,"Dinosaur Egg",1,false,7819,https://cards.scryfall.io/normal/front/d/e/debf96ef-1bb3-4a5c-9778-90d20e3ab8b6.jpg?1698987914,"Evolve,Discover",Alessandra Pisano,rare,0.73,,,,,,"binder",false,"extendedart","G","Creature — Dinosaur Egg",nm,"undefined","boosterfun",
lci,The Lost Caverns of Ixalan,en,374,"Dire Flail // Dire Blunderbuss",2,true,13432,https://cards.scryfall.io/normal/front/c/3/c3c5e4a1-7668-41a0-acd3-d45809b6a95e.jpg?1699045020,"Craft,Transform,Equip",Anthony Devine,rare,0.10,0.17,,,,,"binder",false,"extendedart","R","Artifact — Equipment // Artifact — Equipment",nm,"undefined","boosterfun",
lci,The Lost Caverns of Ixalan,en,374,"Dire Flail // Dire Blunderbuss",1,false,13432,https://cards.scryfall.io/normal/front/c/3/c3c5e4a1-7668-41a0-acd3-d45809b6a95e.jpg?1699045020,"Craft,Transform,Equip",Anthony Devine,rare,0.10,0.17,,,,,"binder",false,"extendedart","R","Artifact — Equipment // Artifact — Equipment",nm,"undefined","boosterfun",
cmd,Commander 2011,en,119,"Disaster Radius",1,false,12381,https://cards.scryfall.io/normal/front/e/c/ecc94d5e-46c2-4096-a4f4-37728290ccab.jpg?1592713527,"",James Paick,rare,0.23,,,0.14,,,"binder",false,"","R","Sorcery",nm,"undefined","undefined",
nph,New Phyrexia,en,57,"Dismember",1,false,1142,https://cards.scryfall.io/normal/front/0/6/064dfdeb-485f-473e-9fa0-8fdb7638cdc6.jpg?1562875311,"",Terese Nielsen,uncommon,5.12,16.01,,2.30,12.72,,"binder",false,"","B","Instant",nm,"Расчленить","undefined",
md1,Modern Event Deck 2014,en,25,"Dismember",2,false,1142,https://cards.scryfall.io/normal/front/e/4/e48e2da3-8597-48c2-8287-f0264a7788c7.jpg?1562385677,"",Terese Nielsen,uncommon,4.35,,,2.37,,,"binder",false,"","B","Instant",nm,"Расчленить","undefined",
clb,Commander Legends: Battle for Baldur's Gate,en,63,"Displacer Kitten",1,false,655,https://cards.scryfall.io/normal/front/c/7/c7a401b8-29fb-46ef-a663-427f66724d5c.jpg?1674135465,"Avoidance",Campbell White,rare,12.04,12.33,,9.12,10.18,,"binder",false,"","U","Creature — Cat Beast",nm,"Ускользающий Котенок","undefined",
afc,Forgotten Realms Commander,en,122,"Disrupt Decorum",1,false,976,https://cards.scryfall.io/normal/front/b/c/bc91f0d5-6d50-4f71-a229-286364984e61.jpg?1631587108,"Goad",Sidharth Chaturvedi,rare,0.53,,,0.75,,,"binder",false,"","R","Sorcery",nm,"Забыть про Приличия","undefined",
2x2,Double Masters 2022,en,8,"Divine Visitation",1,false,1613,https://cards.scryfall.io/normal/front/3/a/3a73bd5a-eb22-41dc-84ff-93d23d84afae.jpg?1673146951,"",Victor Adame Minguez,mythic,6.15,6.10,,4.65,6.64,,"binder",false,"","W","Enchantment",nm,"Божественное Явление","undefined",
c13,Commander 2013,en,228,"Divinity of Pride",1,false,5946,https://cards.scryfall.io/normal/front/2/e/2e40c246-276b-45f1-ac86-f15c0df62a08.jpg?1562904711,"Flying,Lifelink",Greg Staples,rare,2.68,,,1.66,,,"binder",false,"","B,W","Creature — Spirit Avatar",nm,"undefined","undefined",
mkm,Murders at Karlov Manor,en,197,"Dog Walker",1,true,24040,https://cards.scryfall.io/normal/front/a/6/a6e0adb7-a030-4dcc-9284-cd91c7598a22.jpg?1706242142,"Vigilance,Disguise",Milivoj Ćeran,common,0.05,0.04,,0.03,0.12,,"binder",false,"","R,W","Creature — Human Citizen",nm,"undefined","undefined",
vow,Innistrad: Crimson Vow,en,255,"Dollhouse of Horrors",1,false,7516,https://cards.scryfall.io/normal/front/3/9/396abc9e-a738-430d-85cc-448ace2548f9.jpg?1681389581,"",Muhammad Firdaus,rare,0.20,0.31,,0.19,0.46,,"binder",false,"","","Artifact",nm,"Кукольный Домик Ужасов","undefined",
rex,Jurassic World Collection,en,1,"Don't Move",1,false,10087,https://cards.scryfall.io/normal/front/1/d/1d06f729-990b-4c2c-ad2a-c17449117f75.jpg?1698988731,"",Inkognit,rare,6.69,8.83,,,,,"binder",false,"","W","Sorcery",nm,"undefined","boosterfun",
ddk,Duel Decks: Sorin vs. Tibalt,en,2,"Doomed Traveler",2,false,3434,https://cards.scryfall.io/normal/front/a/8/a8ed737f-dbda-455c-a240-5fca57caeb64.jpg?1592714184,"",Lars Grant-West,common,0.09,,,0.09,,,"binder",false,"","W","Creature — Human Soldier",nm,"undefined","undefined",
khm,Kaldheim,en,9,"Doomskar",1,false,2345,https://cards.scryfall.io/normal/front/1/3/130ee895-1e5e-4f82-bb66-e1275bac75dd.jpg?1631045641,"Foretell",Piotr Dura,rare,0.57,2.44,,1.25,1.93,,"binder",false,"","W","Sorcery",nm,"Думскар","undefined",
mkm,Murders at Karlov Manor,en,13,"Doorkeeper Thrull",1,true,14046,https://cards.scryfall.io/normal/front/8/0/80a1cd28-d2a5-4d1a-aa03-a6a5958ae432.jpg?1706241478,"Flying,Flash",Camille Alquier,rare,1.62,2.36,,3.00,4.35,,"binder",false,"","W","Creature — Thrull",nm,"undefined","undefined",
mma,Modern Masters,en,141,"Doubling Season",1,false,277,https://cards.scryfall.io/normal/front/7/f/7f296a5a-9e6c-4432-bf9b-fafbcccb6e62.jpg?1561967834,"",Chuck Lukacs,rare,38.43,52.41,,27.14,64.77,,"binder",false,"","G","Enchantment",nm,"undefined","undefined",
lci,The Lost Caverns of Ixalan,en,146,"Dowsing Device // Geode Grotto",1,true,9369,https://cards.scryfall.io/normal/front/3/d/3d715e9f-223d-462e-8ce3-eebbaf1cd021.jpg?1699044274,"Transform",Olena Richards,uncommon,0.06,0.22,,0.10,0.29,,"binder",false,"","R","Artifact // Land — Cave",nm,"undefined","undefined",
mkm,Murders at Karlov Manor,en,415,"Drag the Canal",1,false,18716,https://cards.scryfall.io/normal/front/0/6/066fed99-5aa5-42db-9472-240cfc2f4f42.jpg?1706242799,"Surveil,Investigate",Josh Hass,rare,0.29,0.43,,,,,"binder",false,"extendedart","B,U","Instant",nm,"undefined","boosterfun",
pca,Planechase Anthology,en,87,"Dragonlair Spider",1,false,4714,https://cards.scryfall.io/normal/front/a/9/a9e2bb08-9be0-4046-9c22-7b132ce5f506.jpg?1562926727,"Reach",Carl Critchlow,rare,2.69,,,1.50,,,"binder",false,"","G,R","Creature — Spider",nm,"undefined","undefined",
neo,Kamigawa: Neon Dynasty,en,137,"Dragonspark Reactor",1,false,5070,https://cards.scryfall.io/normal/front/5/c/5cf531dd-0a93-43e3-880b-f705fa5f533d.jpg?1654567558,"",Billy Christian,uncommon,0.08,0.41,,0.06,0.23,,"binder",false,"","R","Artifact",nm,"Реактор Драконьей Искры","undefined",
mkm,Murders at Karlov Manor,en,53,"Dramatic Accusation",1,true,23136,https://cards.scryfall.io/normal/front/2/c/2ca93438-a132-45ca-9fa8-364aeb519594.jpg?1706241593,"Enchant",Evyn Fong,common,0.03,0.05,,0.02,0.11,,"binder",false,"","U","Enchantment — Aura",nm,"undefined","undefined",
mkm,Murders at Karlov Manor,en,294,"Dramatic Accusation",1,false,23136,https://cards.scryfall.io/normal/front/2/8/28bff30e-c25c-4d89-8fbe-1a9effe63ba7.jpg?1706242437,"Enchant",Ryan Alexander Lee,common,0.06,0.11,,,,,"binder",false,"showcase,inverted","U","Enchantment — Aura",nm,"undefined","magnified,boosterfun",
kld,Kaladesh,en,44,"Dramatic Reversal",1,false,428,https://cards.scryfall.io/normal/front/d/c/dcb59045-2743-48ae-8063-727e551b1c41.jpg?1576381170,"",Eric Deschamps,common,0.62,11.25,,0.58,5.89,,"binder",false,"","U","Instant",nm,"Драматическая Перемена","undefined",
mom,March of the Machine,en,222,"Drana and Linvala",1,true,1913,https://cards.scryfall.io/normal/front/b/b/bbda000f-3cf7-48b6-96ff-c23a3a64eab5.jpg?1682205227,"Flying,Vigilance",Raluca Marinescu,rare,3.63,3.84,,1.32,2.46,,"binder",false,"legendary","B,W","Legendary Creature — Vampire Angel",nm,"undefined","undefined",
pca,Planechase Anthology,en,64,"Dreampod Druid",1,false,15365,https://cards.scryfall.io/normal/front/9/4/94ccb098-f016-454b-a8ba-8f429eb77632.jpg?1562922647,"",Wayne Reynolds,uncommon,0.32,,,0.18,,,"binder",false,"","G","Creature — Human Druid",nm,"undefined","undefined",
voc,Crimson Vow Commander,en,154,"Drogskol Captain",1,false,4315,https://cards.scryfall.io/normal/front/c/8/c88e7e22-6300-4871-9af8-923eedfe4b32.jpg?1641603411,"Flying",Cristi Balanescu,uncommon,0.16,,,0.82,,,"binder",false,"","U,W","Creature — Spirit Soldier",nm,"Дрогсколский Капитан","undefined",
afc,Forgotten Realms Commander,en,39,"Druid of Purification",1,false,1672,https://cards.scryfall.io/normal/front/0/9/096c2b28-3e29-4c27-998d-51bff0ba96c5.jpg?1631585369,"",Jake Murray,rare,6.10,,,7.67,,,"binder",false,"","G","Creature — Human Druid",nm,"Друид Очищения","undefined",
m19,Core Set 2019,en,177,"Druid of the Cowl",1,false,6982,https://cards.scryfall.io/normal/front/7/6/76ceff1d-9e83-41cc-b54b-8bf90d985da9.jpg?1562302734,"",Magali Villeneuve,common,0.06,0.49,,0.11,0.28,,"binder",false,"","G","Creature — Elf Druid",nm,"Друид Покрова","undefined",
mm3,Modern Masters 2017,en,124,"Druid's Deliverance",1,false,3190,https://cards.scryfall.io/normal/front/0/f/0f00a70e-b3a0-4279-a4d6-37f2d1a1880e.jpg?1593813763,"Populate",Dan Scott,common,0.17,0.38,,0.15,0.22,,"binder",false,"","G","Instant",nm,"undefined","undefined",
c14,Commander 2014,en,34,"Dualcaster Mage",1,false,524,https://cards.scryfall.io/normal/front/0/b/0b80c8a0-0870-4836-bee1-f4a805d119d6.jpg?1561931952,"Flash",Matt Stewart,rare,0.54,,,0.57,,,"binder",false,"","R","Creature — Human Wizard",nm,"undefined","undefined",
mkm,Murders at Karlov Manor,en,14,"Due Diligence",1,true,24079,https://cards.scryfall.io/normal/front/0/7/076d9f76-a247-4727-9e0f-a0289c51059e.jpg?1706363820,"Enchant",Borja Pindado,common,0.01,0.04,,0.02,0.06,,"binder",false,"","W","Enchantment — Aura",nm,"undefined","undefined",
one,Phyrexia: All Will Be One,en,92,"Duress",1,true,2933,https://cards.scryfall.io/normal/front/3/5/3557e601-9b71-4ce9-9047-1a8baa72e574.jpg?1675957024,"",PINDURSKI,common,0.06,0.09,,0.12,0.11,,"binder",false,"","B","Sorcery",nm,"Насилие","undefined",
mom,March of the Machine,en,11,"Dusk Legion Duelist",1,false,3572,https://cards.scryfall.io/normal/front/7/3/7305a8d3-5403-4483-92af-863dc91c6084.jpg?1682202535,"Vigilance",Ryan Valle,rare,0.65,0.80,,0.54,0.84,,"binder",false,"","W","Creature — Vampire Soldier",nm,"undefined","undefined",
lcc,The Lost Caverns of Ixalan Commander,en,48,"Dusk Legion Sergeant",1,false,8512,https://cards.scryfall.io/normal/front/9/4/94c687bb-280f-43af-8618-2043fa090662.jpg?1698987882,"Menace",Igor Kieryluk,rare,0.26,,,,,,"binder",false,"extendedart","B","Creature — Vampire Soldier",nm,"undefined","boosterfun",
lci,The Lost Caverns of Ixalan,en,10,"Dusk Rose Reliquary",1,true,12079,https://cards.scryfall.io/normal/front/a/5/a5f231ef-4167-4b0a-b54c-a098b2eb2f6f.jpg?1699043151,"Ward",Samuel Araya,uncommon,0.07,0.13,,0.16,0.26,,"binder",false,"","W","Artifact",nm,"undefined","undefined",
lci,The Lost Caverns of Ixalan,en,325,"Earthshaker Dreadmaw",1,true,4004,https://cards.scryfall.io/normal/front/1/5/158ad2e4-5e81-439b-9629-a9d217c45d83.jpg?1699044851,"Trample",Sidharth Chaturvedi,uncommon,0.09,0.13,,,,,"binder",false,"","G","Creature — Dinosaur",nm,"undefined","boosterfun",
lci,The Lost Caverns of Ixalan,en,54,"Eaten by Piranhas",1,true,7686,https://cards.scryfall.io/normal/front/b/0/b0c504ef-2382-4174-9b1d-5f38e12a28fc.jpg?1699043614,"Enchant,Flash",Abz J Harding,uncommon,0.21,1.24,,0.15,0.26,,"binder",false,"","U","Enchantment — Aura",nm,"undefined","undefined",
mh1,Modern Horizons,ru,46,"Echo of Eons",1,false,1876,https://cards.scryfall.io/normal/front/f/f/ff590af2-2d6c-4f16-a9b8-1a6dab6e9ad5.jpg?1562201343,"Flashback",Terese Nielsen,mythic,17.30,58.03,,12.73,37.78,,"binder",false,"","U","Sorcery",nm,"Эхо Тысячелетий","undefined",
cns,Conspiracy,en,161,"Echoing Courage",1,false,15847,https://cards.scryfall.io/normal/front/d/0/d005fe70-5d6a-4878-a805-0b5d01379581.jpg?1562866885,"",Greg Staples,common,0.09,0.25,,0.03,0.16,,"binder",false,"","G","Instant",nm,"undefined","undefined",
lci,The Lost Caverns of Ixalan,en,346,"Echoing Deeps",1,false,6665,https://cards.scryfall.io/normal/front/c/6/c6392d30-07c4-4c63-acb4-ad12d08c080b.jpg?1699044916,"",Mónica Robles Corzo,rare,0.86,1.94,,,,,"binder",false,"","","Land — Cave",nm,"undefined","boosterfun",
cns,Conspiracy,en,187,"Edric, Spymaster of Trest",1,false,2895,https://cards.scryfall.io/normal/front/0/0/0029955b-32a5-4dd8-8a8c-5c80cdfd13aa.jpg?1562864258,"",Volkan Baǵa,rare,2.57,5.96,,1.98,5.85,,"binder",false,"","G,U","Legendary Creature — Elf Rogue",nm,"undefined","undefined",
c18,Commander 2018,en,140,"Eidolon of Blossoms",1,false,654,https://cards.scryfall.io/normal/front/0/d/0d82f171-b1f6-4e80-996a-c579a1be252c.jpg?1592710863,"Constellation",Min Yum,rare,0.41,,,1.15,,,"binder",false,"nyxtouched","G","Enchantment Creature — Spirit",nm,"Эйдолон Цветения","undefined",
roe,Rise of the Eldrazi,en,3,"Eldrazi Conscription",1,false,1829,https://cards.scryfall.io/normal/front/2/8/28f26fb7-43cc-4a3b-8ba3-b90101c8ee3a.jpg?1562702199,"Enchant",Jaime Jones,rare,11.86,39.37,,8.92,22.66,,"binder",false,"","","Tribal Enchantment — Eldrazi Aura",nm,"Мобилизация Эльдрази","undefined",
cma,Commander Anthology,en,216,"Eldrazi Monument",1,false,1396,https://cards.scryfall.io/normal/front/d/5/d5439677-d3db-4083-8dd9-0d654016bd79.jpg?1592673603,"",Mark Tedin,mythic,10.50,,,6.97,,,"binder",false,"","","Artifact",nm,"undefined","undefined",
ddp,Duel Decks: Zendikar vs. Eldrazi,en,68,"Eldrazi Temple",1,false,2349,https://cards.scryfall.io/normal/front/c/4/c42049e2-fe4e-4fe9-9599-faf1af50b97d.jpg?1593095918,"",James Paick,uncommon,0.95,,,1.41,,,"binder",false,"","","Land",nm,"undefined","undefined",
rna,Ravnica Allegiance,en,99,"Electrodominance",1,false,1911,https://cards.scryfall.io/normal/front/5/c/5c63877b-cdab-4ce4-a1c0-c088eb62a57a.jpg?1584830858,"",Dmitry Burmak,rare,4.05,6.93,,2.06,3.76,,"binder",false,"","R","Instant",nm,"Электродоминация","undefined",
slx,Universes Within,en,4,"Elmar, Ulvenwald Informant",1,false,8833,https://cards.scryfall.io/normal/front/9/5/95d197b3-fc56-43a2-981f-b5b905222b5c.jpg?1677763561,"Investigate,Haste,Friends forever",Eliz Roxs,rare,0.36,,,0.33,,,"binder",false,"legendary","G,R","Legendary Creature — Human",nm,"undefined","undefined",
ala,Shards of Alara,en,9,"Elspeth, Knight-Errant",1,false,3711,https://cards.scryfall.io/normal/front/4/4/44c52e52-2b1c-4ca8-ab6d-20d97a342704.jpg?1562703288,"",Volkan Baǵa,mythic,10.88,39.32,,5.34,15.92,,"binder",false,"","W","Legendary Planeswalker — Elspeth",nm,"Элспет, Рыцарь-Странница","undefined",
m15,Magic 2015,en,173,"Elvish Mystic",1,false,83,https://cards.scryfall.io/normal/front/d/e/deb5ca6a-f91d-443d-ad84-6fe1e80bfb51.jpg?1562795527,"",Wesley Burt,common,0.31,8.92,,0.35,3.14,,"binder",false,"","G","Creature — Elf Druid",nm,"Эльфийский Мистик","undefined",
m20,Core Set 2020,en,169,"Elvish Reclaimer",1,false,1845,https://cards.scryfall.io/normal/front/3/9/39c431d7-d94b-46c4-bb89-f3db56214ab4.jpg?1592517191,"",Victor Adame Minguez,rare,7.09,12.19,,6.15,14.63,,"binder",false,"","G","Creature — Elf Warrior",nm,"Эльфийский Возродитель","undefined",
gn3,Game Night: Free-for-All,en,94,"Elvish Rejuvenator",1,false,3507,https://cards.scryfall.io/normal/front/6/9/694312e6-9fda-47b1-8d1a-a37f58fa613c.jpg?1673302039,"",Winona Nelson,common,0.08,,,,,,"binder",false,"","G","Creature — Elf Druid",nm,"Эльфийский Омолодитель","undefined",
dmr,Dominaria Remastered,en,157,"Elvish Spirit Guide",1,false,1283,https://cards.scryfall.io/normal/front/5/0/50aded92-f934-441f-8e48-d68d471e70d8.jpg?1675200375,"",Anna Steinbauer,uncommon,0.67,1.21,,0.72,1.49,,"binder",false,"","G","Creature — Elf Spirit",nm,"undefined","undefined",
cma,Commander Anthology,en,105,"Elvish Visionary",1,false,1372,https://cards.scryfall.io/normal/front/a/2/a21ea3d4-da4e-4330-a860-68967c5dc03f.jpg?1592672935,"",D. Alexander Gregory,common,0.29,,,0.14,,,"binder",false,"","G","Creature — Elf Shaman",nm,"Эльфийский Прорицатель","undefined",
znr,Zendikar Rising,en,12,"Emeria's Call // Emeria, Shattered Skyclave",1,false,1690,https://cards.scryfall.io/normal/front/c/4/c470539a-9cc7-4175-8f7c-c982b6072b6d.jpg?1604195709,"",Matt Stewart,mythic,7.32,8.89,,8.47,13.00,,"binder",false,"","W","Sorcery // Land",nm,"undefined","undefined",
uma,Ultimate Masters,en,4,"Emrakul, the Aeons Torn",1,false,,https://cards.scryfall.io/normal/front/0/e/0e0d989d-7186-40dc-bdfe-cfbb77656bc8.jpg?1612809706,"Flying,Annihilator,Protection",Mark Tedin,mythic,12.80,18.85,,17.30,17.47,,"binder",false,"legendary","","Legendary Creature — Eldrazi",nm,"undefined","undefined",
mul,Multiverse Legends,en,9,"Emry, Lurker of the Loch",1,false,675,https://cards.scryfall.io/normal/front/7/6/766a0ac7-2051-46f6-a5e5-32fd65b09553.jpg?1682200364,"Mill",Wylie Beckert,rare,0.55,0.69,,,,,"binder",false,"legendary,showcase","U","Legendary Creature — Merfolk Wizard",nm,"Эмри, Таящаяся в Озере","undefined",
