set,set_name,lang,number,name,quantity,is_foil,edhrec_rank,image_url,keywords,artist,rarity,price_usd,price_usd_foil,price_usd_etched,price_eur,price_eur_foil,price_eur_etched,collection,is_list,frame,colors,types,condition,ru_name,promo_types
m19,Core Set 2019,ru,212,"Arcades, the Strategist",1,false,4012,https://cards.scryfall.io/normal/front/1/e/1e90c638-d4b2-4243-bbc4-1cc10516c40f.jpg?1666961830,"Flying,Vigilance",Even Amundsen,mythic,5.85,17.24,,3.15,16.22,,"Red_Album,binder",false,"legendary","G,U,W","Legendary Creature — Elder Dragon",nm,"Аркадес, Стратег","undefined"
cmr,Commander Legends,en,96,"Siren Stormtamer",1,true,910,https://cards.scryfall.io/normal/front/d/0/d0e5f191-0b20-4bc4-b41e-36c53a182f85.jpg?1608909458,"Flying",Josu Hernaiz,uncommon,0.26,0.83,,0.27,0.72,,"Red_Album,binder",false,"","U","Creature — Siren Pirate Wizard",nm,"undefined","undefined"
stx,Strixhaven: School of Mages,en,86,"Sedgemoor Witch",1,false,2179,https://cards.scryfall.io/normal/front/e/9/e900c1eb-968b-4046-b824-c167a7a5b682.jpg?1624591402,"Magecraft,Menace,Ward",Igor Kieryluk,rare,2.09,1.82,,1.95,3.37,,"Red_Album,binder",false,"","B","Creature — Human Warlock",nm,"Ведьма с Осоковой Топи","undefined"
vow,Innistrad: Crimson Vow,ru,155,"End the Festivities",2,false,2005,https://cards.scryfall.io/normal/front/b/e/bec748e6-7245-4a71-aeee-cefed8346948.jpg?1643591154,"",Chris Rallis,common,2.47,2.97,,1.52,2.23,,"Red_Album,binder",false,"","R","Sorcery",nm,"Завершение Праздника","undefined"
vow,Innistrad: Crimson Vow,ru,164,"Kessig Flamebreather",1,false,1038,https://cards.scryfall.io/normal/front/3/0/303ad78a-b02a-44dc-afe6-7f95781a5062.jpg?1643591531,"",Lius Lasahido,common,1.05,1.79,,0.95,1.02,,"Red_Album,binder",false,"","R","Creature — Human Shaman",nm,"Кессигский Огнеглотатель","undefined"
znr,Zendikar Rising,en,127,"Soul Shatter",1,false,1068,https://cards.scryfall.io/normal/front/2/c/2c2fb07b-0f70-403b-be8b-b5217f12e671.jpg?1604196615,"",Wylie Beckert,rare,2.35,1.34,,1.04,1.56,,"Red_Album,binder",false,"","B","Instant",nm,"Раскол Души","undefined"
jmp,Jumpstart,en,85,"Angel of the Dire Hour",1,false,6284,https://cards.scryfall.io/normal/front/b/7/b7ab81d4-aaf7-4c72-9651-5e1482126928.jpg?1600695858,"Flying,Flash",Jack Wang,rare,0.95,,,0.59,,,"Red_Album,binder",false,"","W","Creature — Angel",nm,"undefined","undefined"
jmp,Jumpstart,en,206,"Blood Artist",1,false,134,https://cards.scryfall.io/normal/front/4/6/465d8c18-c76b-488a-a4ec-ec0d2267a307.jpg?1600699516,"",Johannes Voss,uncommon,2.16,,,1.58,,,"Red_Album,binder",false,"","B","Creature — Vampire",nm,"Кровавый Художник","undefined"
jmp,Jumpstart,en,267,"Phyrexian Reclamation",1,false,650,https://cards.scryfall.io/normal/front/f/b/fb0271e4-8ad1-4ad9-9b3e-7abf911f3059.jpg?1600701185,"",rk post,uncommon,4.74,,,3.73,,,"Red_Album,binder",false,"","B","Enchantment",nm,"undefined","undefined"
jmp,Jumpstart,en,18,"Witch of the Moors",1,false,2217,https://cards.scryfall.io/normal/front/f/4/f484f19a-0121-4173-a70b-6698cc5f6303.jpg?1632261791,"Deathtouch",Caio Monteiro,rare,5.60,,,7.63,,,"Red_Album,binder",false,"","B","Creature — Human Warlock",nm,"undefined","undefined"
unf,Unfinity,en,186,"Clown Car",2,false,4755,https://cards.scryfall.io/normal/front/c/6/c6667e4f-f0f6-4416-940a-d03bed75f5a7.jpg?1673915050,"Crew",Ralph Horsley,rare,2.01,3.45,,2.43,2.75,,"Red_Album,binder",false,"","","Artifact — Vehicle",nm,"undefined","undefined"
cmr,Commander Legends,en,10,"Ardenn, Intrepid Archaeologist",1,false,1426,https://cards.scryfall.io/normal/front/7/2/728b802c-969b-4865-b7a0-871c585d097a.jpg?1617148314,"Partner",Jason Rainville,uncommon,0.95,1.32,,0.35,1.05,,"Red_Album,binder",false,"legendary","W","Legendary Creature — Kor Scout",nm,"undefined","undefined"
stx,Strixhaven: School of Mages,ru,86,"Sedgemoor Witch",1,false,2179,https://cards.scryfall.io/normal/front/e/9/e900c1eb-968b-4046-b824-c167a7a5b682.jpg?1624591402,"Magecraft,Menace,Ward",Igor Kieryluk,rare,2.09,1.82,,1.95,3.37,,"Red_Album,binder",false,"","B","Creature — Human Warlock",nm,"Ведьма с Осоковой Топи","undefined"
stx,Strixhaven: School of Mages,ru,248,"Witherbloom Command",1,false,7293,https://cards.scryfall.io/normal/front/8/7/87d5e94b-0b35-4efd-9158-1767dcaea38c.jpg?1624740473,"Mill",Dmitry Burmak,rare,1.90,2.05,,2.46,3.43,,"Red_Album,binder",false,"","B,G","Sorcery",nm,"Команда Визерблума","undefined"
stx,Strixhaven: School of Mages,ru,148,"Blex, Vexing Pest // Search for Blex",1,false,5833,https://cards.scryfall.io/normal/front/c/2/c204b7ca-0904-40fa-b20c-92400fae20b8.jpg?1634060511,"",Ekaterina Burmak,mythic,1.49,2.21,,1.63,1.70,,"Red_Album,binder",false,"legendary","G,B","Legendary Creature — Pest // Sorcery",nm,"undefined","undefined"
bro,The Brothers' War,en,260,"Demolition Field",1,false,678,https://cards.scryfall.io/normal/front/d/9/d9c88546-13c9-4d7e-a618-cb2ccd1dbc0f.jpg?1674422181,"",Kamila Szutenberg,uncommon,2.59,3.40,,2.06,2.90,,"Red_Album,binder",false,"","","Land",nm,"undefined","undefined"
gpt,Guildpact,ru,90,"Leyline of Lifeforce",1,false,12667,https://cards.scryfall.io/normal/front/f/7/f7caffa7-29bd-455c-9770-94a0ad7ef5e3.jpg?1593272476,"",Kev Walker,rare,2.09,10.32,,0.89,3.81,,"Red_Album,binder",false,"","G","Enchantment",nm,"Лучи жизненной силы","undefined"
pbro,The Brothers' War Promos,en,265s,"Mishra's Foundry",1,true,5623,https://cards.scryfall.io/normal/front/8/3/83a87e83-9cc1-4190-8e29-e79d9a4c6d17.jpg?1675620348,"",Leon Tukker,rare,,1.61,,,,,"Red_Album,binder",false,"","","Land",nm,"undefined","prerelease,datestamped"
piko,Ikoria: Lair of Behemoths Promos,ru,189p,"Genesis Ultimatum",1,false,2153,https://cards.scryfall.io/normal/front/a/b/abae3863-7093-4425-bac3-eb51adc24f2d.jpg?1591311094,"",Jason Rainville,rare,0.95,1.46,,0.66,0.90,,"Red_Album,binder",false,"","G,R,U","Sorcery",nm,"Ультиматум Порождения","promopack,stamped"
brr,The Brothers' War Retro Artifacts,en,12,"Cloud Key",1,false,776,https://cards.scryfall.io/normal/front/1/b/1b6c0ff0-9dfe-450d-aec4-37b89ecceda8.jpg?1674091865,"",Trevor Hairsine,rare,2.09,2.57,,1.17,1.79,,"Red_Album,binder",false,"","","Artifact",nm,"undefined","undefined"
khm,Kaldheim,ru,235,"Bloodline Pretender",1,false,1323,https://cards.scryfall.io/normal/front/e/b/eb8a16f6-55c1-40eb-998f-592bf31916b1.jpg?1631052045,"Changeling",Slawomir Maniak,uncommon,0.73,3.06,,0.28,0.95,,"Red_Album,binder",false,"","","Artifact Creature — Shapeshifter",nm,"Родовой Самозванец","undefined"
one,Phyrexia: All Will Be One,en,153,"Urabrask's Forge",1,false,3074,https://cards.scryfall.io/normal/front/6/8/68f9f9d8-9ea0-4608-a79c-a09a87918186.jpg?1675957116,"",Lie Setiawan,rare,4.65,4.55,,1.67,2.09,,"Red_Album,binder",false,"","R","Artifact",nm,"undefined","undefined"
one,Phyrexia: All Will Be One,en,190,"Tyvar's Stand",1,false,1019,https://cards.scryfall.io/normal/front/c/7/c7b362a5-382a-4016-b4f2-aa7b683354c4.jpg?1675957174,"",Kieran Yanner,uncommon,2.15,2.56,,1.00,1.39,,"Red_Album,binder",false,"","G","Instant",nm,"undefined","undefined"
cc1,Commander Collection: Green,en,2,"Omnath, Locus of Mana",1,false,2843,https://cards.scryfall.io/normal/front/4/c/4ce5b167-df7a-499e-8dcc-7aec2e28b382.jpg?1610161645,"",Chase Stone,mythic,2.17,4.56,,1.65,3.53,,"Red_Album,binder",false,"legendary","G","Legendary Creature — Elemental",nm,"undefined","undefined"
frf,Fate Reforged,pt,66,"Dark Deal",1,false,1262,https://cards.scryfall.io/normal/front/6/9/69dfaafe-2fbd-4f2f-913d-ea64e4ce44cd.jpg?1562826140,"",Scott Murphy,uncommon,9.32,18.85,,3.14,9.44,,"Red_Album,binder",false,"","B","Sorcery",nm,"Зловещий Договор","undefined"
ori,Magic Origins,pt,169,"Animist's Awakening",1,false,2262,https://cards.scryfall.io/normal/front/e/3/e3b62616-c1a3-45f7-a329-f1305c462eaf.jpg?1562047014,"Spell mastery",Chris Rahn,rare,1.30,4.15,,0.72,2.08,,"Red_Album,binder",false,"","G","Sorcery",nm,"Пробуждение Анимиста","undefined"
mid,Innistrad: Midnight Hunt,ru,107,"Infernal Grasp",1,false,257,https://cards.scryfall.io/normal/front/1/7/17824929-f131-4b8d-addb-66c25323155e.jpg?1634349911,"",Naomi Baker,uncommon,1.49,2.47,,1.03,1.62,,"Red_Album,binder",false,"","B","Instant",nm,"Хватка Преисподней","undefined"
znr,Zendikar Rising,ru,4,"Archon of Emeria",1,false,1054,https://cards.scryfall.io/normal/front/2/2/228c1650-da3c-4099-91b6-18e3873c9cdb.jpg?1604195419,"Flying",Ryan Pancoast,rare,2.39,3.58,,2.31,3.65,,"Red_Album,binder",false,"","W","Creature — Archon",nm,"Архонт Эмерии","undefined"
znr,Zendikar Rising,ru,75,"Ruin Crab",1,false,1495,https://cards.scryfall.io/normal/front/7/3/738ce273-c938-42d2-83b2-c4f5f4000b0b.jpg?1604194671,"Mill,Landfall",Simon Dominic,uncommon,0.95,3.95,,0.73,1.01,,"Red_Album,binder",false,"","U","Creature — Crab",nm,"Краб из Руин","undefined"
bbd,Battlebond,en,59,"Khorvath's Fury",1,false,5890,https://cards.scryfall.io/normal/front/3/9/39107560-58d5-4a7d-84a0-df26f89856b4.jpg?1562906488,"",Mark Behm,rare,2.00,3.55,,1.76,3.66,,"Red_Album,binder",false,"","R","Sorcery",nm,"undefined","undefined"
bbd,Battlebond,en,213,"Skyshroud Claim",1,false,218,https://cards.scryfall.io/normal/front/4/f/4f1579c8-2ec9-49af-bc2e-f4d16a0f1221.jpg?1562911007,"",Mark Romanoski,common,2.62,13.50,,1.38,12.07,,"Red_Album,binder",false,"","G","Sorcery",nm,"undefined","undefined"
bbd,Battlebond,en,215,"Vigor",1,false,1090,https://cards.scryfall.io/normal/front/e/a/ea7047d8-8d32-48a3-829b-7eb5427ed53a.jpg?1562942114,"Trample",Jim Murray,rare,13.23,26.48,,7.71,20.44,,"Red_Album,binder",false,"","G","Creature — Elemental Incarnation",nm,"undefined","undefined"
one,Phyrexia: All Will Be One,en,108,"Sheoldred's Edict",1,false,1903,https://cards.scryfall.io/normal/front/a/9/a9225cc3-90f0-448f-a8d9-7c6c2796d077.jpg?1675957049,"",Helge C. Balzer,uncommon,2.27,3.25,,2.21,2.79,,"Red_Album,binder",false,"","B","Instant",nm,"undefined","undefined"
eld,Throne of Eldraine,en,237,"Witch's Oven",1,false,2318,https://cards.scryfall.io/normal/front/0/4/04ef8493-d986-45f8-a718-617b028f7ad4.jpg?1572491150,"Food",Alexander Forssberg,uncommon,1.49,2.60,,0.97,2.46,,"Red_Album,binder",false,"","","Artifact",nm,"Ведьмина Печь","undefined"
cmr,Commander Legends,ru,425,"Eternal Witness",1,false,57,https://cards.scryfall.io/normal/front/d/7/d74e7ded-d063-4d90-a9ff-91c44a8098d7.jpg?1608917430,"",Chris Rahn,uncommon,1.19,,,0.87,,,"Red_Album,binder",false,"","G","Creature — Human Shaman",nm,"Вечная Свидетельница","undefined"
cmr,Commander Legends,ru,401,"Nezahal, Primal Tide",1,false,742,https://cards.scryfall.io/normal/front/a/9/a959b40d-dd8c-49d8-8003-744d0c877b04.jpg?1608912140,"",Sam Burley,rare,6.81,,,4.20,,,"Red_Album,binder",false,"legendary","U","Legendary Creature — Elder Dinosaur",nm,"Несааль, Первозданный Прилив","undefined"
cmr,Commander Legends,ru,433,"Ramunap Excavator",1,false,388,https://cards.scryfall.io/normal/front/8/8/8870ef0b-cb1f-463b-8509-fece4743d3d4.jpg?1608917511,"",Mark Behm,rare,6.51,,,4.63,,,"Red_Album,binder",false,"","G","Creature — Naga Cleric",nm,"Рамунапский Землекоп","undefined"
cmr,Commander Legends,ru,439,"Verdant Sun's Avatar",1,false,1512,https://cards.scryfall.io/normal/front/c/c/cc2d03a9-815d-4662-a3ee-d6b24047128c.jpg?1608917570,"",Izzy,rare,0.84,,,0.24,,,"Red_Album,binder",false,"","G","Creature — Dinosaur Avatar",nm,"Аватара Плодородного Солнца","undefined"
thb,Theros Beyond Death,ru,229,"Uro, Titan of Nature's Wrath",1,false,1691,https://cards.scryfall.io/normal/front/a/0/a0b6a71e-56cb-4d25-8f2b-7a4f1b60900d.jpg?1650599829,"Escape",Vincent Proce,mythic,10.38,11.97,,12.40,16.69,,"Red_Album,binder",false,"legendary","G,U","Legendary Creature — Elder Giant",nm,"Уро, Титан Гнева Природы","undefined"
cn2,Conspiracy: Take the Crown,en,211,"Horn of Greed",1,false,2058,https://cards.scryfall.io/normal/front/1/4/14026e22-391c-4a57-a305-665e6066e847.jpg?1576383262,"",Jeff Miracola,rare,10.90,21.91,,7.51,12.75,,"Red_Album,binder",false,"","","Artifact",nm,"undefined","undefined"
emn,Eldritch Moon,en,171,"Splendid Reclamation",1,false,818,https://cards.scryfall.io/normal/front/7/e/7e17e172-3a46-4957-b711-edc53f70a284.jpg?1576384885,"",Wesley Burt,rare,1.00,2.83,,0.97,2.80,,"Red_Album,binder",false,"","G","Sorcery",nm,"Чудесное Восстановление","undefined"
dmu,Dominaria United,en,1,"Karn, Living Legacy",1,false,3125,https://cards.scryfall.io/normal/front/e/8/e83b1b87-01d5-4624-8a2b-4b771e13e59c.jpg?1686553669,"",Chris Rahn,mythic,1.23,1.24,,1.78,2.06,,"Red_Album,binder",false,"","","Legendary Planeswalker — Karn",nm,"undefined","undefined"
clb,Commander Legends: Battle for Baldur's Gate,en,124,"Deadly Dispute",2,false,189,https://cards.scryfall.io/normal/front/f/5/f5172be3-4379-43fc-98bd-e77c579dea55.jpg?1674136067,"Treasure",Irina Nordsol,common,2.11,4.09,,3.37,3.60,,"Red_Album,binder",false,"","B","Instant",nm,"Смертельный Спор","undefined"
eld,Throne of Eldraine,ru,172,"Return of the Wildspeaker",1,false,121,https://cards.scryfall.io/normal/front/b/8/b88a4943-bd1b-4d10-9cd3-b2ab91b25c10.jpg?1572490646,"",Chris Rallis,rare,2.28,3.94,,0.92,2.41,,"Red_Album,binder",false,"","G","Instant",nm,"Возвращение Дикоречивого","undefined"
znr,Zendikar Rising,en,377,"Skyclave Relic",1,false,1072,https://cards.scryfall.io/normal/front/f/a/fa2fb74a-d235-4ba6-bd7e-d439478dce44.jpg?1609007204,"Indestructible,Kicker",Daniel Ljunggren,rare,2.14,1.65,,1.64,2.98,,"Red_Album,binder",false,"extendedart","","Artifact",nm,"Реликвия Небесного Анклава","boosterfun"
mom,March of the Machine,en,41,"Surge of Salvation",1,false,2439,https://cards.scryfall.io/normal/front/4/1/41d25ee5-0348-4206-bb6a-ccb0a599ac87.jpg?1682202925,"",Dominik Mayer,uncommon,1.20,2.36,,1.01,2.15,,"Red_Album,binder",false,"","W","Instant",nm,"undefined","undefined"
moc,March of the Machine Commander,en,447,"Slimefoot and Squee",1,false,6272,https://cards.scryfall.io/normal/front/9/e/9e449e38-6f03-4316-8ebc-d0faf79d6bc7.jpg?1683582682,"",Victor Adame Minguez,mythic,0.62,2.31,,,,,"Red_Album,binder",false,"legendary","B,G,R","Legendary Creature — Fungus Goblin",nm,"undefined","prerelease"
mat,March of the Machine: The Aftermath,en,4,"Metropolis Reformer",1,false,5895,https://cards.scryfall.io/normal/front/a/6/a61a3ba1-af6c-4ddc-aa82-34bfc30867d0.jpg?1684340467,"Flying,Vigilance",Ryan Pancoast,rare,1.40,1.47,,1.13,1.24,,"Red_Album,binder",false,"","W","Creature — Angel Cleric",nm,"undefined","undefined"
mat,March of the Machine: The Aftermath,en,24,"Tranquil Frillback",1,true,5468,https://cards.scryfall.io/normal/front/5/b/5b647377-d47e-4630-8ccc-933ef6127880.jpg?1684340650,"",Caio Monteiro,rare,4.76,5.13,,4.75,5.73,,"Red_Album,binder",false,"","G","Creature — Dinosaur",nm,"undefined","undefined"
rna,Ravnica Allegiance,ru,201,"Rhythm of the Wild",1,false,187,https://cards.scryfall.io/normal/front/8/4/84062ce2-fea2-4e06-b83b-7cc597fb2a1b.jpg?1584831773,"",Tomasz Jedruszek,uncommon,2.40,20.91,,1.64,14.48,,"Red_Album,binder",false,"","G,R","Enchantment",nm,"Ритм Диких","undefined"
plst,The List,en,EMA-218,"Ashnod's Altar",1,false,99,https://cards.scryfall.io/normal/front/9/1/91ca97db-2c83-4c87-9491-e5878293afe5.jpg?1573516112,"",Greg Staples,uncommon,6.23,,,5.09,,,"Red_Album,binder",false,"","","Artifact",nm,"undefined","undefined"
mh2,Modern Horizons 2,en,44,"Fractured Sanity",1,false,1679,https://cards.scryfall.io/normal/front/4/1/413ac8fb-5156-4f90-81f5-1879e273c9e2.jpg?1626094419,"Mill,Cycling",Drew Tucker,rare,1.45,1.85,,0.50,1.50,,"Red_Album,binder",false,"","U","Sorcery",nm,"Расколотый Рассудок","undefined"
mh2,Modern Horizons 2,en,151,"Chatterfang, Squirrel General",1,false,1134,https://cards.scryfall.io/normal/front/1/7/1785cf85-1ac0-4246-9b89-1a8221a8e1b2.jpg?1626097239,"Landwalk,Forestwalk",Jason A. Engle,mythic,8.60,10.23,,6.05,7.74,,"Red_Album,binder",false,"legendary","G","Legendary Creature — Squirrel Warrior",nm,"Трескоклык, Беличий Генерал","undefined"
dmu,Dominaria United,en,239,"Timeless Lotus",1,false,2055,https://cards.scryfall.io/normal/front/6/f/6f566387-3342-4325-ba4c-eee7626072ac.jpg?1673308246,"",Lindsey Look,mythic,11.49,12.14,,6.32,8.81,,"Red_Album,binder",false,"legendary","","Legendary Artifact",nm,"undefined","undefined"
dmu,Dominaria United,en,236,"Relic of Legends",1,false,780,https://cards.scryfall.io/normal/front/6/4/64a2809e-c441-416c-90ff-6fb1e246dff3.jpg?1673308219,"",Titus Lunter,uncommon,1.55,2.08,,0.88,1.52,,"Red_Album,binder",false,"","","Artifact",nm,"undefined","undefined"
afr,Adventures in the Forgotten Realms,en,94,"Deadly Dispute",1,false,189,https://cards.scryfall.io/normal/front/7/3/7373fe95-ad1c-44b9-8c7f-464ce8cbffc6.jpg?1627704524,"Treasure",Irina Nordsol,common,3.32,3.49,,3.11,3.91,,"Red_Album,binder",false,"","B","Instant",nm,"Смертельный Спор","undefined"
afr,Adventures in the Forgotten Realms,en,167,"Xorn",1,false,820,https://cards.scryfall.io/normal/front/f/7/f73fdf76-e3a6-49d0-bfb0-4b7cdbd4271e.jpg?1627706949,"Treasure",Yigit Koroglu,rare,4.74,4.82,,3.10,3.63,,"Red_Album,binder",false,"","R","Creature — Elemental",nm,"Зорн","undefined"
afc,Forgotten Realms Commander,en,292,"Death Tyrant",1,false,4522,https://cards.scryfall.io/normal/front/b/c/bc5ef000-2d77-490b-9e51-54e08c3af248.jpg?1632017421,"Menace",Nicholas Gregory,rare,1.77,,,1.83,,,"Red_Album,binder",false,"extendedart","B","Creature — Beholder Skeleton",nm,"undefined","boosterfun"
afc,Forgotten Realms Commander,en,300,"Fiendlash",1,false,4310,https://cards.scryfall.io/normal/front/5/0/50f13e7b-6d20-434d-82d1-103c9a63aa9a.jpg?1632017593,"Equip",Antonio José Manzanedo,rare,1.06,,,1.08,,,"Red_Album,binder",false,"extendedart","R","Artifact — Equipment",nm,"undefined","boosterfun"
clb,Commander Legends: Battle for Baldur's Gate,en,3,"Ancient Gold Dragon",1,false,1891,https://cards.scryfall.io/normal/front/4/2/421395b1-2694-42fd-bb90-0007e78adefc.jpg?1674134865,"Flying",Simon Dominic,mythic,13.09,13.01,,10.65,12.35,,"Red_Album,binder",false,"","W","Creature — Elder Dragon",nm,"Древний Золотой Дракон","undefined"
jmp,Jumpstart,en,101,"Duelist's Heritage",1,false,1123,https://cards.scryfall.io/normal/front/f/e/fefef556-dd3c-49b9-a6f5-8b86af64416e.jpg?1600696343,"",Lake Hurwitz,rare,1.62,,,1.17,,,"Red_Album,binder",false,"","W","Enchantment",nm,"undefined","undefined"
jmp,Jumpstart,en,236,"Ghoulcaller Gisa",1,false,1811,https://cards.scryfall.io/normal/front/0/b/0bcba8d3-725b-49f9-8281-eafac15208c5.jpg?1600700375,"",Karla Ortiz,mythic,1.20,,,0.97,,,"Red_Album,binder",false,"legendary","B","Legendary Creature — Human Wizard",nm,"undefined","undefined"
ltr,The Lord of the Rings: Tales of Middle-earth,en,163,"Entish Restoration",1,false,1016,https://cards.scryfall.io/normal/front/c/d/cd4dbf80-187b-40e3-9e0b-526f78d9a34e.jpg?1686969333,"",Calder Moore,uncommon,1.64,2.00,,0.60,0.88,,"Red_Album,binder",false,"","G","Instant",nm,"undefined","undefined"
mul,Multiverse Legends,en,16,"Sheoldred, Whispering One",1,false,505,https://cards.scryfall.io/normal/front/d/c/dc2234cd-0a1c-4dca-b94b-0dd927bb32e2.jpg?1682347350,"Landwalk,Swampwalk",Flavio Girón,mythic,9.51,10.22,,,,,"Red_Album,binder",false,"legendary,showcase,inverted","B","Legendary Creature — Phyrexian Praetor",nm,"undefined","undefined"
cmb1,Mystery Booster Playtest Cards 2019,en,11,"Sarah's Wings",1,false,,https://cards.scryfall.io/normal/front/f/2/f22406d4-df55-4cbc-b69c-d35483cebc16.jpg?1582306132,"",Sarah Keortge,rare,1.04,,,8.13,,,"Red_Album,binder",false,"","W","Tribal Instant — Angel",nm,"undefined","undefined"
plst,The List,en,OGW-138,"Nissa, Voice of Zendikar",1,false,2528,https://cards.scryfall.io/normal/front/a/5/a548acc7-bf37-4bb3-83c9-6e5fdb501f56.jpg?1573514173,"",Raymond Swanland,mythic,1.74,,,2.51,,,"Red_Album,binder",false,"","G","Legendary Planeswalker — Nissa",nm,"Нисса, Голос Зендикара","undefined"
cmr,Commander Legends,en,34,"Open the Armory",2,false,550,https://cards.scryfall.io/normal/front/6/d/6db45698-9da9-4cea-b9bf-0f84ab276b51.jpg?1608908895,"",Steve Prescott,uncommon,0.95,2.50,,0.63,1.38,,"Red_Album,binder",false,"","W","Sorcery",nm,"undefined","undefined"
iko,Ikoria: Lair of Behemoths,en,189,"Genesis Ultimatum",1,false,2153,https://cards.scryfall.io/normal/front/5/5/556dfe7a-43e8-4801-ad79-89ab2148eca6.jpg?1591228052,"",Jason Rainville,rare,1.62,1.17,,1.06,1.35,,"Red_Album,binder",false,"","G,R,U","Sorcery",nm,"Ультиматум Порождения","undefined"
clb,Commander Legends: Battle for Baldur's Gate,en,647,"Faldorn, Dread Wolf Herald",1,true,2888,https://cards.scryfall.io/normal/front/2/1/213e530e-33a9-4358-b43b-4a276a7e7190.jpg?1674140675,"",Jason A. Engle,mythic,,3.35,,,0.92,,"Red_Album,binder",false,"legendary","G,R","Legendary Creature — Human Druid",nm,"Фальдорн, Вестница Волков Ужаса","undefined"
clb,Commander Legends: Battle for Baldur's Gate,en,801,"Laelia, the Blade Reforged",1,false,1204,https://cards.scryfall.io/normal/front/2/e/2e90b9b2-8e8e-4b00-b3a0-b26dd4551550.jpg?1674142062,"Haste",Wisnu Tan,rare,5.26,,,4.65,,,"Red_Album,binder",false,"legendary","R","Legendary Creature — Spirit Warrior",nm,"Лаэлия, Перекованный Клинок","undefined"
clb,Commander Legends: Battle for Baldur's Gate,en,831,"Return of the Wildspeaker",1,false,121,https://cards.scryfall.io/normal/front/8/6/863e0861-7934-4141-9ef5-120339ac83a5.jpg?1674142335,"",Chris Rallis,rare,2.37,,,1.42,,,"Red_Album,binder",false,"","G","Instant",nm,"Возвращение Дикоречивого","undefined"
clb,Commander Legends: Battle for Baldur's Gate,en,832,"Sakura-Tribe Elder",1,false,68,https://cards.scryfall.io/normal/front/e/c/ec23f98d-1bfd-4957-92b6-0a1da823db0f.jpg?1674142344,"",Carl Critchlow,common,1.60,,,0.86,,,"Red_Album,binder",false,"","G","Creature — Snake Shaman",nm,"Старейшина Племени Сакуры","undefined"
m19,Core Set 2019,ru,90,"Death Baron",1,false,1320,https://cards.scryfall.io/normal/front/c/9/c9699446-b6f5-4e6a-a263-059cbf6e4b7e.jpg?1562304335,"",Nils Hamm,rare,2.49,2.88,,2.21,3.97,,"Red_Album,binder",false,"","B","Creature — Zombie Wizard",nm,"Барон Смерти","undefined"
mrd,Mirrodin,en,254,"Talisman of Impulse",1,false,1126,https://cards.scryfall.io/normal/front/a/0/a00b65f7-70d0-4bbd-ac13-be24cc3374ee.jpg?1562152676,"",Mike Dringenberg,uncommon,1.96,10.27,,0.42,2.14,,"Red_Album,binder",false,"","","Artifact",nm,"undefined","undefined"
jmp,Jumpstart,en,96,"Celestial Mantle",1,false,5522,https://cards.scryfall.io/normal/front/1/3/136dfcf5-130a-4d75-9785-a090215a29b1.jpg?1600696200,"Enchant",Steve Argyle,rare,1.92,,,1.13,,,"Red_Album,binder",false,"","W","Enchantment — Aura",nm,"undefined","undefined"
one,Phyrexia: All Will Be One,en,34,"Skrelv's Hive",1,false,1465,https://cards.scryfall.io/normal/front/f/f/ffbd77ec-fc81-41d5-934f-c3dd844cb053.jpg?1675956934,"Corrupted",Heonhwa Choe,rare,3.64,4.22,,2.62,2.43,,"Red_Album,binder",false,"","W","Enchantment",nm,"undefined","undefined"
wot,Wilds of Eldraine: Enchanting Tales,en,34,"Polluted Bonds",1,false,5086,https://cards.scryfall.io/normal/front/e/1/e15e0521-1abf-4426-9f31-4081f068b184.jpg?1692932533,"",William Phifer,rare,0.77,1.49,,0.79,1.63,,"Red_Album,binder",false,"showcase","B","Enchantment",nm,"undefined","boosterfun"
mh2,Modern Horizons 2,en,236,"Sol Talisman",1,false,1677,https://cards.scryfall.io/normal/front/a/5/a51fb64d-cc0c-400d-971f-78c28d42043b.jpg?1626099309,"Suspend",Volkan Baǵa,rare,0.83,1.37,,0.34,0.70,,"Red_Album,binder",false,"","","Artifact",nm,"Солнечный Талисман","undefined"
m21,Core Set 2021,ru,57,"Miscast",2,false,1182,https://cards.scryfall.io/normal/front/0/3/033afbd5-9937-4957-98ba-48e469a490bb.jpg?1594735579,"",Steve Argyle,uncommon,1.72,2.79,,1.22,2.22,,"Red_Album,binder",false,"","U","Instant",nm,"Неудача Чародея","undefined"
ima,Iconic Masters,en,220,"Mindcrank",1,false,915,https://cards.scryfall.io/normal/front/2/6/2679a847-7196-4a45-8610-229aa2e124d6.jpg?1562846551,"Mill",Chris Rahn,uncommon,5.80,6.80,,2.16,5.28,,"Red_Album,binder",false,"","","Artifact",nm,"undefined","undefined"
mh2,Modern Horizons 2,ru,267,"Counterspell",1,false,17,https://cards.scryfall.io/normal/front/1/9/1920dae4-fb92-4f19-ae4b-eb3276b8dac7.jpg?1628801663,"",Zack Stella,uncommon,1.30,1.38,1.23,0.97,1.03,,"Red_Album,binder",false,"","U","Instant",nm,"Отмена Заклинания","undefined"
mh2,Modern Horizons 2,ru,69,"Svyelun of Sea and Sky",1,true,3531,https://cards.scryfall.io/normal/front/c/6/c6f9ece1-669a-47c9-96c3-1e1dbf87421c.jpg?1626095109,"",Seb McKinnon,mythic,0.56,2.37,,1.38,2.11,,"Red_Album,binder",false,"legendary","U","Legendary Creature — Merfolk God",nm,"Свелунн Моря и Неба","undefined"
mh2,Modern Horizons 2,ru,81,"Dauthi Voidwalker",1,false,193,https://cards.scryfall.io/normal/front/d/c/dce5db87-4a78-4b8d-b5c2-918ccd1ba4e3.jpg?1626095427,"Shadow",Sidharth Chaturvedi,rare,11.18,14.31,,11.03,12.37,,"Red_Album,binder",false,"","B","Creature — Dauthi Rogue",nm,"Охотник Пустоты Доути","undefined"
mh2,Modern Horizons 2,ru,228,"Liquimetal Torque",1,false,268,https://cards.scryfall.io/normal/front/1/3/13c6101a-da40-4785-8ccb-4e779bbbdb55.jpg?1626099120,"",Brian Snõddy,uncommon,1.59,1.73,,0.47,0.88,,"Red_Album,binder",false,"","","Artifact",nm,"Жидкометаллический Обруч","undefined"
mh2,Modern Horizons 2,en,430,"Ornithopter of Paradise",1,false,251,https://cards.scryfall.io/normal/front/2/3/23ac45cf-4dc8-47b9-8ca8-e72464f745d6.jpg?1626103681,"Flying",Raoul Vitale,common,0.24,0.41,1.73,0.20,0.38,,"Red_Album,binder",false,"","","Artifact Creature — Thopter",nm,"Райский Орнитоптер","boosterfun"
m20,Core Set 2020,ru,77,"Tale's End",1,false,2893,https://cards.scryfall.io/normal/front/1/4/1421115b-9a98-4ab2-bcb2-7d8899ce12db.jpg?1592516519,"",Randy Vargas,rare,3.07,4.14,,3.08,5.66,,"Red_Album,binder",false,"","U","Instant",nm,"Конец Истории","undefined"
cmr,Commander Legends,en,27,"Keeper of the Accord",1,false,845,https://cards.scryfall.io/normal/front/3/7/37eec618-2c3d-423b-bbb7-72ef7deb38fc.jpg?1608908831,"",Denman Rooke,rare,1.70,2.11,,1.44,2.30,,"Red_Album,binder",false,"","W","Creature — Human Soldier",nm,"undefined","undefined"
cmr,Commander Legends,en,74,"Hullbreacher",1,false,,https://cards.scryfall.io/normal/front/4/d/4df8aabc-7fcb-4b7b-980b-18f499e6c170.jpg?1626088514,"Treasure,Flash",Sidharth Chaturvedi,rare,1.43,2.06,,2.96,5.60,,"Red_Album,binder",false,"","U","Creature — Merfolk Pirate",nm,"undefined","undefined"
cmr,Commander Legends,en,187,"Jeska's Will",1,false,85,https://cards.scryfall.io/normal/front/4/e/4e91d96d-cc69-439b-b876-a7d57039022c.jpg?1608910286,"",Izzy,rare,19.98,29.83,,14.14,20.45,,"Red_Album,binder",false,"","R","Sorcery",nm,"undefined","undefined"
aer,Aether Revolt,ru,123,"Rishkar's Expertise",1,false,192,https://cards.scryfall.io/normal/front/5/d/5d58ba68-05c1-4cd8-a93d-321cd1739ccb.jpg?1576382075,"",Magali Villeneuve,rare,2.41,9.55,,1.75,5.24,,"Red_Album,binder",false,"","G","Sorcery",nm,"Мастерство Ришкара","undefined"
m19,Core Set 2019,ru,6,"Ajani's Welcome",2,false,2715,https://cards.scryfall.io/normal/front/c/9/c9045fcb-b633-4c35-8058-6234311551ae.jpg?1562304330,"",Eric Deschamps,uncommon,2.68,5.67,,1.76,4.60,,"Red_Album,binder",false,"","W","Enchantment",nm,"Радушие Аджани","undefined"
cmr,Commander Legends,en,84,"Preordain",1,false,140,https://cards.scryfall.io/normal/front/1/4/1453f92e-df2d-4789-aa1b-a5b5c51567d4.jpg?1608909344,"Scry",Svetlin Velinov,common,0.97,2.13,,1.70,3.74,,"Red_Album,binder",false,"","U","Sorcery",nm,"undefined","undefined"
cmr,Commander Legends,en,114,"Court of Ambition",1,false,1584,https://cards.scryfall.io/normal/front/5/d/5deb0185-62b3-474b-83a1-25473fdae4fa.jpg?1608909619,"",Ravenna Tran,rare,3.42,4.03,,3.87,4.58,,"Red_Album,binder",false,"","B","Enchantment",nm,"undefined","undefined"
m21,Core Set 2021,en,133,"Brash Taunter",1,false,813,https://cards.scryfall.io/normal/front/e/b/ebb5e613-a803-42f3-840a-7089ac6b7e3d.jpg?1594736510,"Indestructible,Fight",Svetlin Velinov,rare,2.13,4.10,,0.83,1.27,,"Red_Album,binder",false,"","R","Creature — Goblin",nm,"Язвительный Насмешник","undefined"
jmp,Jumpstart,en,30,"Neyith of the Dire Hunt",1,false,3466,https://cards.scryfall.io/normal/front/0/c/0c1eed0f-9692-44c0-b1ad-afa691165d52.jpg?1632261896,"",Magali Villeneuve,rare,4.32,,,2.19,,,"Red_Album,binder",false,"legendary","G","Legendary Creature — Human Warrior",nm,"undefined","undefined"
afr,Adventures in the Forgotten Realms,en,239,"Xanathar, Guild Kingpin",1,true,4654,https://cards.scryfall.io/normal/front/5/b/5bc58050-a615-4090-9cf5-cd49ccb4e2c6.jpg?1627709647,"",Kieran Yanner,mythic,2.33,2.02,,2.85,3.89,,"Red_Album,binder",false,"legendary","B,U","Legendary Creature — Beholder",nm,"Занатар, Вожак Гильдии","undefined"
plci,The Lost Caverns of Ixalan Promos,en,61s,"Kitesail Larcenist",1,true,6675,https://cards.scryfall.io/normal/front/4/e/4eeb4971-38e6-4348-8284-f6de92ac1179.jpg?1701304356,"Flying,Ward",Sidharth Chaturvedi,rare,,4.20,,,,,"Red_Album,binder",false,"","U","Creature — Human Pirate",nm,"undefined","prerelease,datestamped"
lci,The Lost Caverns of Ixalan,en,243,"Vito, Fanatic of Aclazotz",1,false,9474,https://cards.scryfall.io/normal/front/c/4/c4fd9047-df91-4d82-be00-c623acae0f01.jpg?1699044580,"Flying",Marta Nael,mythic,0.56,1.23,,1.12,1.86,,"Red_Album,binder",false,"legendary","B,W","Legendary Creature — Vampire Demon",nm,"undefined","undefined"
lci,The Lost Caverns of Ixalan,en,134,"Bonehoard Dracosaur",1,false,3502,https://cards.scryfall.io/normal/front/2/2/2220ed60-3f8f-4dd2-8319-6a06896a5350.jpg?1699044226,"Flying,First strike,Treasure",Mark Zug,mythic,10.05,16.19,,12.63,14.68,,"Red_Album,binder",false,"","R","Creature — Dinosaur Dragon",nm,"undefined","undefined"
lci,The Lost Caverns of Ixalan,en,213,"Spelunking",1,false,4190,https://cards.scryfall.io/normal/front/d/3/d3be4257-2316-4a2e-b347-f71c0368a947.jpg?1699044491,"",Ernanda Souza,uncommon,1.42,2.34,,0.76,1.01,,"Red_Album,binder",false,"","G","Enchantment",nm,"undefined","undefined"
m21,Core Set 2021,ru,74,"Sublime Epiphany",1,false,1331,https://cards.scryfall.io/normal/front/a/d/ad1bcb44-a562-4f66-b862-6d0ef3546ab4.jpg?1594735795,"",Lindsey Look,rare,2.73,2.35,,2.88,3.02,,"Red_Album,binder",false,"","U","Instant",nm,"Высочайшее Прозрение","undefined"
war,War of the Spark,ru,159,"Evolution Sage",1,false,354,https://cards.scryfall.io/normal/front/b/4/b4042db8-6032-49a2-bc96-ad15f55db6c3.jpg?1557576899,"Proliferate,Landfall",Simon Dominic,uncommon,0.95,10.59,,0.57,8.38,,"Red_Album,binder",false,"","G","Creature — Elf Druid",nm,"Мудрец Эволюции","undefined"
unf,Unfinity,en,279,"Blood Crypt",1,false,79,https://cards.scryfall.io/normal/front/0/f/0f1cebcb-0e3f-4dce-81ff-44bc8c0b9ad7.jpg?1676121724,"",Chris Ostrowski,rare,30.64,32.68,,32.86,32.57,,"Red_Album,binder",false,"inverted","","Land — Swamp Mountain",nm,"Кровавый Склеп","boosterfun"
khm,Kaldheim,ru,307,"Tergrid, God of Fright // Tergrid's Lantern",1,false,1073,https://cards.scryfall.io/normal/front/9/f/9ff4efdf-c0bb-443a-a100-2f3850571e91.jpg?1631054654,"Menace",Richard Luong,rare,6.09,8.61,,4.51,8.64,,"Red_Album,binder",false,"showcase,legendary","B","Legendary Creature — God // Legendary Artifact",nm,"undefined","boosterfun"
khm,Kaldheim,ru,114,"Valki, God of Lies // Tibalt, Cosmic Impostor",1,true,2637,https://cards.scryfall.io/normal/front/e/a/ea7e4c65-b4c4-4795-9475-3cba71c50ea5.jpg?1636100811,"",Yongjae Choi,mythic,4.58,5.49,,7.27,8.54,,"Red_Album,binder",false,"legendary","B,R","Legendary Creature — God // Legendary Planeswalker — Tibalt",nm,"undefined","undefined"
khm,Kaldheim,ru,400,"Reflections of Littjara",1,true,506,https://cards.scryfall.io/normal/front/4/e/4ebaa07d-68f6-4cdb-a5cd-cd715e50abf5.jpg?1631042323,"",Cristi Balanescu,rare,,0.65,,,1.12,,"Red_Album,binder",false,"","U","Enchantment",nm,"Отражения Литт-Яры","bundle"
m21,Core Set 2021,en,127,"Vito, Thorn of the Dusk Rose",1,false,433,https://cards.scryfall.io/normal/front/0/f/0fe79ee4-c3f3-4a6b-a967-203ca3b70ee5.jpg?1594736442,"",Lie Setiawan,rare,6.70,7.49,,10.00,11.40,,"Red_Album,binder",false,"legendary","B","Legendary Creature — Vampire Cleric",nm,"Вито, Шип Розы Заката","undefined"
h1r,Modern Horizons 1 Timeshifts,en,35,"Talisman of Curiosity",1,true,662,https://cards.scryfall.io/normal/front/b/9/b9383190-c4b2-4b38-8938-2c57782faf03.jpg?1630617096,"",Lindsey Look,uncommon,,1.23,1.47,,1.35,,"Red_Album,binder",false,"","","Artifact",nm,"Амулет Любопытства","boosterfun"
ddt,Duel Decks: Merfolk vs. Goblins,en,52,"Krenko, Mob Boss",1,false,1110,https://cards.scryfall.io/normal/front/9/a/9af7e5e7-de08-419d-8f8b-c904b397acbf.jpg?1592764860,"",Karl Kopinski,rare,2.22,,,1.57,,,"Red_Album,binder",false,"","R","Legendary Creature — Goblin Warrior",nm,"undefined","undefined"
m19,Core Set 2019,ru,242,"Millstone",1,true,10562,https://cards.scryfall.io/normal/front/c/2/c2051fd0-99cf-4e11-a625-8294e6767e5b.jpg?1562304298,"Mill",Yeong-Hao Han,uncommon,0.06,0.19,,0.09,0.18,,"Black_Album,binder",false,"","","Artifact",nm,"Мельничный Жернов","undefined"
znr,Zendikar Rising,en,225,"Kaza, Roil Chaser",1,false,8764,https://cards.scryfall.io/normal/front/a/f/af6bc333-79c0-4de8-9874-80f2254f9ad2.jpg?1604200147,"Flying,Haste",Ekaterina Burmak,rare,0.13,0.17,,0.22,0.29,,"Black_Album,binder",false,"legendary","R,U","Legendary Creature — Human Wizard",nm,"Каза, Охотница Великого Вала","undefined"
cmr,Commander Legends,en,242,"Magus of the Order",1,true,7021,https://cards.scryfall.io/normal/front/a/9/a93e5fa9-cfe3-487b-af77-0dbf6c68ee04.jpg?1608910795,"",Tomasz Jedruszek,rare,0.14,0.30,,0.29,0.28,,"Black_Album,binder",false,"","G","Creature — Human Wizard",nm,"undefined","undefined"
dmu,Dominaria United,en,72,"Tolarian Terror",1,false,10823,https://cards.scryfall.io/normal/front/4/2/42f01cba-43d4-46ad-b7a5-d7631b0e1347.jpg?1673306903,"Ward",Vincent Christiaens,common,0.70,2.90,,1.27,1.98,,"Black_Album,binder",false,"","U","Creature — Serpent",nm,"undefined","undefined"
sta,Strixhaven Mystical Archive,en,19,"Opt",1,false,220,https://cards.scryfall.io/normal/front/a/b/ab59ac4f-2a77-4566-85c0-32666447dcf2.jpg?1623593953,"Scry",Kristina Collantes,uncommon,0.28,0.33,1.85,0.28,0.64,,"Black_Album,binder",false,"showcase","U","Instant",nm,"Выбор","undefined"
emn,Eldritch Moon,ru,156,"Emrakul's Evangel",1,false,8524,https://cards.scryfall.io/normal/front/5/1/51c21822-972f-4c20-ac3b-80ba9af101c5.jpg?1576384776,"",Jason Felix,rare,0.35,0.54,,0.26,0.48,,"Black_Album,binder",false,"","G","Creature — Human Horror",nm,"Проповедник Эмракул","undefined"
vow,Innistrad: Crimson Vow,ru,95,"Blood Fountain",1,false,6313,https://cards.scryfall.io/normal/front/d/d/dd03651e-ada0-41dc-8722-0eba476943e3.jpg?1643589142,"",Evyn Fong,common,0.21,0.46,,0.66,0.89,,"Black_Album,binder",false,"","B","Artifact",nm,"Фонтан Крови","undefined"
vow,Innistrad: Crimson Vow,ru,95,"Blood Fountain",1,true,6313,https://cards.scryfall.io/normal/front/d/d/dd03651e-ada0-41dc-8722-0eba476943e3.jpg?1643589142,"",Evyn Fong,common,0.21,0.46,,0.66,0.89,,"Black_Album,binder",false,"","B","Artifact",nm,"Фонтан Крови","undefined"
vow,Innistrad: Crimson Vow,ru,255,"Dollhouse of Horrors",1,true,7504,https://cards.scryfall.io/normal/front/3/9/396abc9e-a738-430d-85cc-448ace2548f9.jpg?1681389581,"",Muhammad Firdaus,rare,0.20,0.31,,0.19,0.40,,"Black_Album,binder",false,"","","Artifact",nm,"Кукольный Домик Ужасов","undefined"
unf,Unfinity,en,178,"Space Beleren",1,false,14972,https://cards.scryfall.io/normal/front/1/4/14ddb2e7-6bc6-43ce-aeec-175a0ce17ed5.jpg?1673914977,"",Tyler Jacobson,mythic,0.41,0.47,,0.87,1.03,,"Black_Album,binder",false,"","U,W","Legendary Planeswalker — Jace",nm,"undefined","undefined"
cmr,Commander Legends,en,107,"Wrong Turn",1,false,4656,https://cards.scryfall.io/normal/front/3/b/3b69687d-191a-4bca-b1f7-eea27847c1af.jpg?1608909561,"",Filip Burburan,rare,0.31,0.35,,0.20,0.48,,"Black_Album,binder",false,"","U","Instant",nm,"undefined","undefined"
cmr,Commander Legends,en,133,"Miara, Thorn of the Glade",1,true,4196,https://cards.scryfall.io/normal/front/4/1/41a76adc-42e1-4f65-940c-d0a5555c0633.jpg?1608909799,"Partner",Johannes Voss,uncommon,0.08,0.22,,0.08,0.21,,"Black_Album,binder",false,"legendary","B","Legendary Creature — Elf Scout",nm,"undefined","undefined"
cmr,Commander Legends,en,146,"Rakshasa Debaser",1,false,2993,https://cards.scryfall.io/normal/front/e/3/e31fd23d-e6b2-412b-b2ff-c99812365001.jpg?1699601227,"Encore",Yigit Koroglu,rare,0.53,0.54,,0.41,0.83,,"Black_Album,binder",false,"","B","Creature — Demon",nm,"undefined","undefined"
cmr,Commander Legends,en,242,"Magus of the Order",2,false,7021,https://cards.scryfall.io/normal/front/a/9/a93e5fa9-cfe3-487b-af77-0dbf6c68ee04.jpg?1608910795,"",Tomasz Jedruszek,rare,0.14,0.30,,0.29,0.28,,"Black_Album,binder",false,"","G","Creature — Human Wizard",nm,"undefined","undefined"
cmr,Commander Legends,en,303,"Charcoal Diamond",1,true,389,https://cards.scryfall.io/normal/front/3/d/3d99f4cd-7f6d-4f1a-a1d9-f8c3b6645038.jpg?1608911357,"",Lindsey Look,common,0.15,0.28,,0.09,0.19,,"Black_Album,binder",false,"","","Artifact",nm,"Угольный Бриллиант","undefined"
cmr,Commander Legends,en,270,"Belbe, Corrupted Observer",1,false,5931,https://cards.scryfall.io/normal/front/b/4/b4427e73-8c60-490d-8ae3-53e872a5163e.jpg?1608911054,"",Igor Kieryluk,rare,0.16,0.34,,0.26,0.46,,"Black_Album,binder",false,"legendary","B,G","Legendary Creature — Phyrexian Zombie Elf",nm,"undefined","undefined"
snc,Streets of New Capenna,en,20,"Knockout Blow",1,false,20284,https://cards.scryfall.io/normal/front/9/b/9b00bbec-61d0-464c-bf82-4ecf5ddb3451.jpg?1664409788,"",Zoltan Boros,uncommon,0.58,1.74,,0.14,0.26,,"Black_Album,binder",false,"","W","Instant",nm,"Нокаутирующий Удар","undefined"
snc,Streets of New Capenna,en,248,"Brokers Hideout",1,false,1032,https://cards.scryfall.io/normal/front/9/8/989b299b-daa9-4bda-94e2-9a2f0e8f2bce.jpg?1664414401,"",James Paick,common,0.27,0.36,,0.19,0.54,,"Black_Album,binder",false,"","","Land",nm,"Укрытие Брокеров","undefined"
jmp,Jumpstart,en,121,"Mentor of the Meek",1,false,430,https://cards.scryfall.io/normal/front/4/6/46150e35-bcaf-4b53-871d-d1d9091a36ab.jpg?1600717859,"",Jana Schirmer & Johannes Voss,rare,0.17,,,0.37,,,"Black_Album,binder",false,"","W","Creature — Human Soldier",nm,"Наставник Кротких","undefined"
jmp,Jumpstart,en,117,"Lena, Selfless Champion",1,false,5737,https://cards.scryfall.io/normal/front/d/a/da1fb1a6-7f64-45a6-9fc0-a325b7600afa.jpg?1600696804,"",Lucas Graciano,rare,0.23,,,0.20,,,"Black_Album,binder",false,"legendary","W","Legendary Creature — Human Knight",nm,"undefined","undefined"
jmp,Jumpstart,en,12,"Inniaz, the Gale Force",1,false,10953,https://cards.scryfall.io/normal/front/b/2/b238485f-ef67-4295-892b-a10235368f74.jpg?1632261762,"Flying",Livia Prima,rare,0.13,,,0.29,,,"Black_Album,binder",false,"legendary","U","Legendary Creature — Djinn",nm,"undefined","undefined"
jmp,Jumpstart,en,21,"Lightning Phoenix",1,false,10086,https://cards.scryfall.io/normal/front/b/5/b52a3f11-6d55-4492-9a2c-c128c09b3d77.jpg?1632261830,"Flying,Haste",Lie Setiawan,rare,0.14,,,0.27,,,"Black_Album,binder",false,"","R","Creature — Phoenix",nm,"undefined","undefined"
m21,Core Set 2021,en,180,"Feline Sovereign",1,false,2724,https://cards.scryfall.io/normal/front/8/4/84a9485a-d356-4cbe-b257-b62008a21328.jpg?1594736953,"",Dan Scott,rare,0.51,0.60,,0.45,1.01,,"Black_Album,binder",false,"","G","Creature — Cat",nm,"Царственная Кошка","undefined"
m21,Core Set 2021,en,63,"Rewind",1,false,936,https://cards.scryfall.io/normal/front/b/8/b832abcc-9ffd-47bf-827a-01b303c610ee.jpg?1594735655,"",Dermot Power,uncommon,0.25,0.45,,0.21,0.54,,"Black_Album,binder",false,"","U","Instant",nm,"Перемотка","undefined"
jmp,Jumpstart,en,402,"Hunter's Insight",1,false,783,https://cards.scryfall.io/normal/front/c/1/c12cf74d-aad9-41d8-959e-66557c39204d.jpg?1601079648,"",Terese Nielsen,uncommon,0.25,,,0.26,,,"Black_Album,binder",false,"","G","Instant",nm,"undefined","undefined"
thb,Theros Beyond Death,ru,37,"Shatter the Sky",1,false,6124,https://cards.scryfall.io/normal/front/b/7/b706977b-db8e-4810-882d-ed3745404489.jpg?1581479244,"",Bayard Wu,rare,0.14,0.25,,0.24,0.43,,"Black_Album,binder",false,"","W","Sorcery",nm,"Расколотое Небо","undefined"
thb,Theros Beyond Death,ru,205,"Wolfwillow Haven",1,false,3385,https://cards.scryfall.io/normal/front/7/2/72b886c3-234c-49ce-9a11-456c1e8f092f.jpg?1581480945,"Enchant",Jakub Kasper,uncommon,0.29,0.53,,0.28,0.52,,"Black_Album,binder",false,"","G","Enchantment — Aura",nm,"Укрытие в Волчьих Ивах","undefined"
thb,Theros Beyond Death,ru,222,"Kunoros, Hound of Athreos",1,false,4700,https://cards.scryfall.io/normal/front/d/b/dbc0d2c3-8060-4155-b10e-d641648a4e6b.jpg?1581481106,"Lifelink,Vigilance,Menace",Zezhou Chen,rare,0.28,0.35,,0.33,0.76,,"Black_Album,binder",false,"legendary","B,W","Legendary Creature — Dog",nm,"Кунор, Пес Атрея","undefined"
thb,Theros Beyond Death,ru,218,"Haktos the Unscarred",1,false,11111,https://cards.scryfall.io/normal/front/6/f/6fe5cbef-0f4e-4d05-9a94-4739e09d7a9c.jpg?1581481070,"",Ryan Pancoast,rare,0.09,0.19,,0.10,0.35,,"Black_Album,binder",false,"legendary","R,W","Legendary Creature — Human Warrior",nm,"Гакт Нетронутый","undefined"
thb,Theros Beyond Death,ru,242,"Field of Ruin",1,false,520,https://cards.scryfall.io/normal/front/3/e/3e84e179-9d59-4d08-8a36-51ad2fc32ae3.jpg?1581481243,"",Jung Park,uncommon,0.19,1.95,,0.27,0.68,,"Black_Album,binder",false,"","","Land",nm,"Гибельное Поле","undefined"
m21,Core Set 2021,ru,225,"Sanctum of All",1,false,3329,https://cards.scryfall.io/normal/front/b/a/ba91338c-1f6c-4b83-851f-98c3e9dea17b.jpg?1594737442,"",Johannes Voss,rare,0.64,0.74,,0.70,1.59,,"Black_Album,binder",false,"legendary","B,G,R,U,W","Legendary Enchantment — Shrine",nm,"Святилище Сущего","undefined"
sta,Strixhaven Mystical Archive,en,35,"Village Rites",1,false,179,https://cards.scryfall.io/normal/front/d/a/da3de5c0-acda-4116-b0c5-eceb2c19cb2d.jpg?1623780397,"",Matthew G. Lewis,uncommon,0.44,0.56,1.23,0.29,0.42,,"Black_Album,binder",false,"showcase","B","Instant",nm,"Деревенские Обряды","undefined"
unf,Unfinity,en,210,"Ferris Wheel",1,false,26349,https://cards.scryfall.io/normal/front/9/1/91562ab3-1153-48d9-9f8e-4c79155548f2.jpg?1673915585,"",Kirsten Zirngibl,rare,0.37,0.92,,0.23,1.84,,"Black_Album,binder",false,"","","Artifact — Attraction",nm,"undefined","undefined"
jmp,Jumpstart,en,328,"Goblin Lore",1,false,10082,https://cards.scryfall.io/normal/front/6/6/660e7067-9f1d-4e2c-bd12-0ad752a3cec8.jpg?1687525175,"",Kev Walker,uncommon,0.23,,,0.74,,,"Black_Album,binder",false,"","R","Sorcery",nm,"undefined","undefined"
cmr,Commander Legends,en,39,"Promise of Tomorrow",1,false,10121,https://cards.scryfall.io/normal/front/0/c/0ccffa9d-8896-4364-bc5c-37592d2714f9.jpg?1608908938,"",Seb McKinnon,rare,0.11,0.22,,0.23,0.44,,"Black_Album,binder",false,"","W","Enchantment",nm,"undefined","undefined"
cmr,Commander Legends,en,91,"Sakashima's Will",1,true,5049,https://cards.scryfall.io/normal/front/c/a/ca9fd318-ffb2-40d0-b1e0-e951d7735f78.jpg?1608909416,"",Volkan Baǵa,rare,0.25,0.34,,0.22,0.45,,"Black_Album,binder",false,"","U","Sorcery",nm,"undefined","undefined"
stx,Strixhaven: School of Mages,ru,26,"Secret Rendezvous",1,false,1310,https://cards.scryfall.io/normal/front/3/9/39528cf0-343e-499b-a69f-c5c3c2898c25.jpg?1624589686,"",Manuel Castañón,uncommon,0.25,0.43,,0.13,0.17,,"Black_Album,binder",false,"","W","Sorcery",nm,"Тайная Встреча","undefined"
stx,Strixhaven: School of Mages,ru,51,"Resculpt",1,false,477,https://cards.scryfall.io/normal/front/1/b/1bfb1fcb-a411-4c1c-b8fc-496242ae3a9b.jpg?1624590361,"",Torstein Nordstrand,common,0.22,0.50,,0.23,0.24,,"Black_Album,binder",false,"","U","Instant",nm,"Изваять Заново","undefined"
stx,Strixhaven: School of Mages,en,96,"Draconic Intervention",1,false,9247,https://cards.scryfall.io/normal/front/6/5/657de246-b9fc-47b1-b932-091e9500bb82.jpg?1624591671,"",Johan Grenier,rare,0.14,0.18,,0.25,0.41,,"Black_Album,binder",false,"","R","Sorcery",nm,"Драконье Вмешательство","undefined"
stx,Strixhaven: School of Mages,ru,96,"Draconic Intervention",1,false,9247,https://cards.scryfall.io/normal/front/6/5/657de246-b9fc-47b1-b932-091e9500bb82.jpg?1624591671,"",Johan Grenier,rare,0.14,0.18,,0.25,0.41,,"Black_Album,binder",false,"","R","Sorcery",nm,"Драконье Вмешательство","undefined"
stx,Strixhaven: School of Mages,ru,128,"Ecological Appreciation",1,false,8162,https://cards.scryfall.io/normal/front/1/1/115f3d72-1aaf-4237-91b9-389256e5e5c8.jpg?1624592652,"",Lie Setiawan,mythic,0.48,0.73,,0.45,1.10,,"Black_Album,binder",false,"","G","Sorcery",nm,"Экологическая Оценка","undefined"
stx,Strixhaven: School of Mages,ru,146,"Verdant Mastery",1,false,7972,https://cards.scryfall.io/normal/front/1/9/197455e5-7929-47b8-ad00-8d3918949eb7.jpg?1624593207,"",Cristi Balanescu,rare,0.17,0.22,,0.17,0.18,,"Black_Album,binder",false,"","G","Sorcery",nm,"Зеленое Мастерство","undefined"
stx,Strixhaven: School of Mages,en,256,"Letter of Acceptance",1,true,6174,https://cards.scryfall.io/normal/front/3/4/34750231-34aa-401c-b192-47b56588923a.jpg?1624740664,"",Daniel Ljunggren,common,0.04,0.13,,0.09,0.13,,"Black_Album,binder",false,"","","Artifact",nm,"Письмо о Поступлении","undefined"
stx,Strixhaven: School of Mages,en,197,"Killian, Ink Duelist",1,false,4614,https://cards.scryfall.io/normal/front/2/3/23ef4f09-2aa1-4a03-b2e2-66d1522f1e46.jpg?1627429378,"Lifelink,Menace",Ryan Pancoast,uncommon,0.29,0.48,,0.13,0.25,,"Black_Album,binder",false,"legendary","B,W","Legendary Creature — Human Warlock",nm,"Киллиан, Чернильный Дуэлянт","undefined"
stx,Strixhaven: School of Mages,ru,197,"Killian, Ink Duelist",1,false,4614,https://cards.scryfall.io/normal/front/2/3/23ef4f09-2aa1-4a03-b2e2-66d1522f1e46.jpg?1627429378,"Lifelink,Menace",Ryan Pancoast,uncommon,0.29,0.48,,0.13,0.25,,"Black_Album,binder",false,"legendary","B,W","Legendary Creature — Human Warlock",nm,"Киллиан, Чернильный Дуэлянт","undefined"
stx,Strixhaven: School of Mages,ru,232,"Silverquill Command",1,false,10230,https://cards.scryfall.io/normal/front/5/c/5c55f533-9d31-4ad1-b336-927aba6e74d6.jpg?1624740020,"",Bryan Sola,rare,0.12,0.16,,0.17,0.39,,"Black_Album,binder",false,"","B,W","Sorcery",nm,"Команда Сильверквилла","undefined"
m21,Core Set 2021,en,190,"Invigorating Surge",1,false,2410,https://cards.scryfall.io/normal/front/5/3/531e1fc0-a3aa-4b57-87b2-79a31af5c922.jpg?1594737063,"",Randy Vargas,uncommon,0.31,0.69,,0.17,0.48,,"Black_Album,binder",false,"","G","Instant",nm,"Прилив Жизни","undefined"
m21,Core Set 2021,en,197,"Primal Might",1,false,3684,https://cards.scryfall.io/normal/front/1/c/1cd8cee8-7ea0-4037-8a3b-39334dc064fb.jpg?1594737142,"Fight",Randy Vargas,rare,0.19,0.42,,0.20,0.45,,"Black_Album,binder",false,"","G","Sorcery",nm,"Первобытная Мощь","undefined"
bro,The Brothers' War,en,10,"Kayla's Reconstruction",1,false,11911,https://cards.scryfall.io/normal/front/2/b/2bb84e72-0231-461a-a230-d8afa6e54289.jpg?1674420192,"",Nicholas Elias,rare,0.12,0.31,,0.27,0.92,,"Black_Album,binder",false,"","W","Sorcery",nm,"undefined","undefined"
brr,The Brothers' War Retro Artifacts,en,34,"Mishra's Bauble",1,false,1147,https://cards.scryfall.io/normal/front/b/0/b02452bb-a049-4e86-ba2c-135803caa03d.jpg?1674092033,"",Chippy,uncommon,0.80,0.88,,1.15,2.01,,"Black_Album,binder",false,"","","Artifact",nm,"undefined","undefined"
brr,The Brothers' War Retro Artifacts,en,59,"Sword of the Meek",1,false,4807,https://cards.scryfall.io/normal/front/7/6/7668aaf3-194b-49f4-9f79-e51e89e8f2f8.jpg?1707077720,"Equip",Franz Vohwinkel,rare,0.24,0.50,,0.28,0.63,,"Black_Album,binder",false,"tombstone","","Artifact — Equipment",nm,"undefined","undefined"
brr,The Brothers' War Retro Artifacts,en,50,"Sculpting Steel",1,false,628,https://cards.scryfall.io/normal/front/e/5/e5813b15-6adb-4ed8-b08d-5dee70ecb45a.jpg?1674092165,"",Heather Hudson,rare,0.42,0.77,,0.30,1.06,,"Black_Album,binder",false,"","","Artifact",nm,"undefined","undefined"
9ed,Ninth Edition,ru,313,"Thran Golem",1,false,18217,https://cards.scryfall.io/normal/front/3/9/39b390d5-ae5a-4ed7-b9af-01d504d0551a.jpg?1562733854,"",Ron Spears,rare,0.14,,,0.27,,,"Black_Album,binder",false,"","","Artifact Creature — Golem",nm,"Голем Трана","undefined"
som,Scars of Mirrodin,en,154,"Etched Champion",1,false,6468,https://cards.scryfall.io/normal/front/a/b/ab2242c2-7379-4fff-a745-d180685da6db.jpg?1562821577,"Metalcraft",Matt Cavotta,rare,0.47,6.99,,0.87,4.90,,"Black_Album,binder",false,"","","Artifact Creature — Soldier",nm,"Гравированный Борец","undefined"
c21,Commander 2021,ru,167,"Etali, Primal Storm",1,false,186,https://cards.scryfall.io/normal/front/a/9/a9ac0e01-9732-470c-abd1-560386e30f80.jpg?1625193744,"",Raymond Swanland,rare,0.47,,,0.48,,,"Black_Album,binder",false,"legendary","R","Legendary Creature — Elder Dinosaur",nm,"Этали, Первозданная Буря","undefined"
c20,Commander 2020,ru,2,"Haldan, Avid Arcanist",1,true,6912,https://cards.scryfall.io/normal/front/1/6/16a86a35-f7e5-434d-bf44-61ae7cb0f98b.jpg?1618057606,"Partner with,Partner",Manuel Castañón,mythic,0.83,0.58,,0.82,0.68,,"Black_Album,binder",false,"legendary","U","Legendary Creature — Human Wizard",nm,"Халдан, Заядлый Арканист","undefined"
c20,Commander 2020,ru,13,"Pako, Arcane Retriever",1,true,12344,https://cards.scryfall.io/normal/front/0/6/066c8f63-52e6-475e-8d27-6ee37e92fc05.jpg?1591234280,"Partner with,Haste,Partner",Manuel Castañón,mythic,0.86,0.69,,0.78,0.70,,"Black_Album,binder",false,"legendary","G,R","Legendary Creature — Elemental Dog",nm,"Пако, Колдовской Добытчик","undefined"
brr,The Brothers' War Retro Artifacts,en,55,"Springleaf Drum",1,false,885,https://cards.scryfall.io/normal/front/b/5/b52af7e0-cd75-4e8e-82ed-65f8a3d0380a.jpg?1674092202,"",Seb McKinnon,uncommon,0.30,0.46,,0.40,0.81,,"Black_Album,binder",false,"","","Artifact",nm,"undefined","undefined"
bro,The Brothers' War,en,212,"Harbin, Vanguard Aviator",1,false,10425,https://cards.scryfall.io/normal/front/4/b/4b88be69-3201-4345-a193-cc21bd066d15.jpg?1674421784,"Flying",Kieran Yanner,rare,0.24,0.39,,0.36,0.44,,"Black_Album,binder",false,"legendary","U,W","Legendary Creature — Human Soldier",nm,"undefined","undefined"
bro,The Brothers' War,en,296,"Urza, Prince of Kroog",1,false,3082,https://cards.scryfall.io/normal/front/8/f/8f944c2f-c84f-4986-9e6f-ec8e171298c6.jpg?1705839908,"",Cosmin Podar,rare,0.33,1.39,,,,,"Black_Album,binder",false,"legendary,inverted","U,W","Legendary Creature — Human Artificer",nm,"undefined","boosterfun"
bro,The Brothers' War,en,14,"Loran's Escape",1,false,2168,https://cards.scryfall.io/normal/front/3/7/3765610d-a0c1-4de9-a81b-ffa3eb06454b.jpg?1674420224,"Scry",Matt Stewart,common,0.37,2.26,,0.22,0.38,,"Black_Album,binder",false,"","W","Instant",nm,"undefined","undefined"
bro,The Brothers' War,en,144,"Monastery Swiftspear",1,false,5985,https://cards.scryfall.io/normal/front/d/6/d6bfa227-4309-40ed-952c-279595eab17e.jpg?1701690543,"Prowess,Haste",Gabor Szikszai,uncommon,0.33,0.81,,0.29,0.33,,"Black_Album,binder",false,"","R","Creature — Human Monk",nm,"Монастырская Копейщица","undefined"
jmp,Jumpstart,en,422,"Primordial Sage",1,false,2844,https://cards.scryfall.io/normal/front/4/b/4b0d8dec-e139-4565-9259-3c24c54c1d45.jpg?1601079960,"",Justin Sweet,rare,0.26,,,0.54,,,"Black_Album,binder",false,"","G","Creature — Spirit",nm,"undefined","undefined"
jmp,Jumpstart,en,25,"Sethron, Hurloon General",1,false,11655,https://cards.scryfall.io/normal/front/2/7/274cdb39-1454-4c9b-acd8-4f762a48e71f.jpg?1632261849,"",Jason Rainville,rare,0.21,,,0.31,,,"Black_Album,binder",false,"legendary","R","Legendary Creature — Minotaur Warrior",nm,"undefined","undefined"
plst,The List,en,EMA-66,"Phyrexian Ingester",1,false,7669,https://cards.scryfall.io/normal/front/c/b/cb95f8a3-af5d-4cf0-b1cb-4fa99033be36.jpg?1573508113,"Imprint",Chris Rahn,uncommon,0.15,,,0.12,,,"Black_Album,binder",false,"","U","Creature — Phyrexian Beast",nm,"undefined","undefined"
plst,The List,en,RIX-75,"Gruesome Fate",1,false,5553,https://cards.scryfall.io/normal/front/1/5/15c65b81-b736-4bc5-ba12-fb74c64406cd.jpg?1573509814,"",Even Amundsen,common,0.25,,,0.12,,,"Black_Album,binder",false,"","B","Sorcery",nm,"undefined","undefined"
plst,The List,en,C18-150,"Harrow",1,false,200,https://cards.scryfall.io/normal/front/0/1/01330778-5dcf-463f-ad8e-7468530c5f80.jpg?1573513848,"",Rob Alexander,common,0.46,,,0.34,,,"Black_Album,binder",false,"","G","Instant",nm,"undefined","undefined"
plst,The List,en,AER-146,"Consulate Dreadnought",1,false,6890,https://cards.scryfall.io/normal/front/c/a/ca9df3da-8b66-4726-a133-6047ed9fc3d1.jpg?1573516232,"Crew",Cliff Childs,uncommon,0.30,,,0.17,,,"Black_Album,binder",false,"","","Artifact — Vehicle",nm,"undefined","undefined"
plst,The List,en,MM2-225,"Precursor Golem",1,false,7511,https://cards.scryfall.io/normal/front/7/3/730c68d1-b218-43a6-831f-fe9f6b55c503.jpg?1573517386,"",Chippy,rare,0.12,,,0.03,,,"Black_Album,binder",false,"","","Artifact Creature — Golem",nm,"undefined","undefined"
plst,The List,en,GK1-85,"Boros Reckoner",1,false,5551,https://cards.scryfall.io/normal/front/6/b/6b2d8558-e847-4831-97c8-4cbecdfc90d8.jpg?1573515907,"",Howard Lyon,rare,0.31,,,0.29,,,"Black_Album,binder",false,"","R,W","Creature — Minotaur Wizard",nm,"undefined","undefined"
plst,The List,en,AER-140,"Winding Constrictor",1,false,2001,https://cards.scryfall.io/normal/front/9/1/918f5490-7a81-42f3-b920-b728c7258b72.jpg?1573515864,"",Izzy,uncommon,0.32,,,0.37,,,"Black_Album,binder",false,"","B,G","Creature — Snake",nm,"undefined","undefined"
usg,Urza's Saga,en,315,"Wall of Junk",1,false,5267,https://cards.scryfall.io/normal/front/c/d/cd3f88b3-9796-4d4d-af8b-543f0d280e77.jpg?1562938373,"Defender",Adam Rex,uncommon,0.54,,,0.37,,,"Black_Album,binder",false,"","","Artifact Creature — Wall",nm,"undefined","undefined"
dmr,Dominaria Remastered,en,149,"Arboria",1,false,14402,https://cards.scryfall.io/normal/front/b/1/b18f4de2-adfe-4784-bd57-9e2ad9088825.jpg?1675200294,"",Uriah Voth,rare,0.13,0.15,,0.28,0.17,,"Black_Album,binder",false,"","G","World Enchantment",nm,"undefined","undefined"
dmr,Dominaria Remastered,en,230,"Lotus Blossom",1,false,10343,https://cards.scryfall.io/normal/front/c/5/c5b92fd6-e3a7-4d50-b94f-1508a830b799.jpg?1675201056,"",Randy Gallegos,rare,0.23,0.31,,0.30,0.58,,"Black_Album,binder",false,"","","Artifact",nm,"undefined","undefined"
rix,Rivals of Ixalan,en,46,"Release to the Wind",1,false,7312,https://cards.scryfall.io/normal/front/4/b/4b4f72ef-3939-467c-8fe4-fd1c215f2b1e.jpg?1555039954,"",Joseph Meehan,rare,0.44,3.04,,0.44,1.65,,"Black_Album,binder",false,"","U","Instant",nm,"Пустить по Ветру","undefined"
znr,Zendikar Rising,ru,313,"Phylath, World Sculptor",1,false,3015,https://cards.scryfall.io/normal/front/c/3/c344a3cd-43e0-4333-83ec-081f0e39530a.jpg?1604203001,"Landfall",Pascal Blanché,rare,0.18,1.66,,0.21,0.75,,"Black_Album,binder",false,"showcase,legendary,inverted","G,R","Legendary Creature — Elemental",nm,"Филат, Скульптор Мира","boosterfun"
snc,Streets of New Capenna,en,207,"Obscura Ascendancy",1,true,17000,https://cards.scryfall.io/normal/front/9/8/98a11e5e-d2a9-4490-90f3-a643fc7ed7c3.jpg?1664413435,"",Igor Krstic,rare,0.03,0.12,,0.09,0.23,,"Black_Album,binder",false,"","B,U,W","Enchantment",nm,"Возвышение Обскуры","undefined"
unf,Unfinity,en,185,"Celebr-8000",1,false,9271,https://cards.scryfall.io/normal/front/1/a/1aa7b481-9332-4140-9a46-11e4e384d8f1.jpg?1673915040,"Flying,Lifelink,Indestructible,Vigilance,Menace",Ralph Horsley,rare,0.20,0.31,,0.18,0.18,,"Black_Album,binder",false,"","","Artifact Creature — Clown Robot",nm,"undefined","undefined"
mh2,Modern Horizons 2,en,461,"Gaea's Will",1,false,9324,https://cards.scryfall.io/normal/front/1/e/1ecd084d-20c6-43cf-b5d5-8ba3d692a50a.jpg?1631666356,"Suspend",Lucas Graciano,rare,0.17,0.86,,0.34,0.82,,"Black_Album,binder",false,"extendedart","G","Sorcery",nm,"Воля Геи","boosterfun"
m21,Core Set 2021,ru,104,"Hooded Blightfang",1,false,5792,https://cards.scryfall.io/normal/front/a/c/ac38a51f-9a3b-451c-b72d-6d4e0b296fbd.jpg?1594736187,"Deathtouch",Uriah Voth,rare,0.53,0.56,,0.69,0.64,,"Black_Album,binder",false,"","B","Creature — Snake",nm,"Плащеносный Смертозуб","undefined"
dom,Dominaria,ru,69,"Tetsuko Umezawa, Fugitive",1,false,1161,https://cards.scryfall.io/normal/front/1/6/16185c50-f7b8-4cea-a129-dfad8e9df781.jpg?1591605108,"",Randy Vargas,uncommon,0.13,1.07,,0.38,1.44,,"Black_Album,binder",false,"legendary","U","Legendary Creature — Human Rogue",nm,"Тэцуко Умезава, Беглянка","undefined"
neo,Kamigawa: Neon Dynasty,en,120,"Reckoner's Bargain",1,false,1991,https://cards.scryfall.io/normal/front/6/3/6338942d-d650-4571-8ec6-4d658792c53e.jpg?1654567391,"",Justine Cruz,common,0.36,1.10,,0.64,1.00,,"Black_Album,binder",false,"","B","Instant",nm,"Сделка Карателя","undefined"
one,Phyrexia: All Will Be One,en,26,"Ossification",1,false,3713,https://cards.scryfall.io/normal/front/0/d/0da03224-c1af-438f-96c2-b0e41e1070b7.jpg?1680795456,"Enchant",Nino Vecia,uncommon,0.85,0.90,,0.55,0.89,,"Black_Album,binder",false,"","W","Enchantment — Aura",nm,"undefined","undefined"
one,Phyrexia: All Will Be One,en,47,"Encroaching Mycosynth",1,false,3894,https://cards.scryfall.io/normal/front/6/5/65a2fcc9-2317-48a1-a5eb-234fb3300364.jpg?1675956955,"",Martin de Diego Sádaba,rare,0.29,0.34,,0.22,0.28,,"Black_Album,binder",false,"","U","Artifact",nm,"undefined","undefined"
one,Phyrexia: All Will Be One,en,185,"Thirsting Roots",1,false,2314,https://cards.scryfall.io/normal/front/7/5/75a4a340-453b-471a-82ba-48ebf20b271a.jpg?1675957166,"Proliferate",WolfSkullJack,common,0.29,1.53,,0.13,0.23,,"Black_Album,binder",false,"","G","Sorcery",nm,"undefined","undefined"
one,Phyrexia: All Will Be One,en,191,"Unnatural Restoration",1,false,1248,https://cards.scryfall.io/normal/front/4/d/4d4e6a91-59cc-4f7f-af25-16acabdafb1a.jpg?1675957174,"Proliferate",Jeremy Wilson,uncommon,0.32,0.71,,0.18,0.36,,"Black_Album,binder",false,"","G","Sorcery",nm,"undefined","undefined"
one,Phyrexia: All Will Be One,en,246,"Zenith Chronicler",1,false,3376,https://cards.scryfall.io/normal/front/1/4/1431fe83-7dc7-4c40-8d66-6525560e4323.jpg?1675957261,"",Johann Bodin,rare,0.30,0.41,,0.19,0.25,,"Black_Album,binder",false,"","","Artifact Creature — Phyrexian Construct",nm,"undefined","undefined"
mh2,Modern Horizons 2,ru,129,"Glimpse of Tomorrow",2,false,9390,https://cards.scryfall.io/normal/front/7/e/7ee1fcbc-3573-42c5-b3e3-1f44a6400cd0.jpg?1626096700,"Suspend",Jokubas Uogintas,rare,0.14,0.29,,0.32,0.17,,"Black_Album,binder",false,"","R","Sorcery",nm,"Взгляд в Грядущее","undefined"
one,Phyrexia: All Will Be One,en,49,"Experimental Augury",1,false,1655,https://cards.scryfall.io/normal/front/e/5/e508ae5d-ffb5-4480-be90-a4394954b559.jpg?1675956959,"Proliferate",Donato Giancola,common,0.61,0.84,,0.25,0.46,,"Black_Album,binder",false,"","U","Instant",nm,"undefined","undefined"
one,Phyrexia: All Will Be One,en,65,"Prologue to Phyresis",1,false,2602,https://cards.scryfall.io/normal/front/a/c/ac625f30-ed91-4b21-ada8-aaa5b2ad79b8.jpg?1675956984,"",Simon Dominic,common,0.21,1.93,,0.18,0.43,,"Black_Album,binder",false,"","U","Instant",nm,"undefined","undefined"
one,Phyrexia: All Will Be One,en,75,"Unctus, Grand Metatect",1,false,3296,https://cards.scryfall.io/normal/front/1/6/164b07e6-48ba-4789-bd8f-7cada1fec8a9.jpg?1675956999,"",Andrew Mar,rare,0.32,0.36,,0.32,0.48,,"Black_Album,binder",false,"legendary","U","Legendary Artifact Creature — Phyrexian Vedalken",nm,"undefined","undefined"
one,Phyrexia: All Will Be One,en,134,"Gleeful Demolition",1,false,6889,https://cards.scryfall.io/normal/front/a/3/a3e4efa6-5783-4a51-99c6-116d1a8f01cf.jpg?1675957089,"",Tuan Duong Chu,uncommon,3.25,2.82,,0.61,0.92,,"Black_Album,binder",false,"","R","Sorcery",nm,"undefined","undefined"
ori,Magic Origins,pt,29,"Relic Seeker",1,false,4833,https://cards.scryfall.io/normal/front/6/0/60a4b00c-5bd5-4931-be05-121f09a3fae4.jpg?1562022591,"Renown",Volkan Baǵa,rare,0.24,0.58,,0.17,0.48,,"Black_Album,binder",false,"","W","Creature — Human Soldier",nm,"Охотник за Реликвиями","undefined"
frf,Fate Reforged,pt,46,"Reality Shift",1,false,210,https://cards.scryfall.io/normal/front/e/0/e01367cb-79f4-4ed9-b12c-66f3c30264a0.jpg?1562830704,"Manifest",Howard Lyon,uncommon,0.35,2.40,,0.49,7.50,,"Black_Album,binder",false,"","U","Instant",nm,"Сдвиг Реальности","undefined"
ori,Magic Origins,pt,100,"Gnarlroot Trapper",1,false,8832,https://cards.scryfall.io/normal/front/e/0/e05572ba-3a26-41f5-96c1-960ec9367178.jpg?1562046118,"",Christopher Moeller,uncommon,0.24,3.71,,0.26,0.86,,"Black_Album,binder",false,"","B","Creature — Elf Druid",nm,"Ловчий Крученых Корней","undefined"
ori,Magic Origins,pt,97,"Fetid Imp",1,true,15702,https://cards.scryfall.io/normal/front/8/9/891718e9-bef3-470a-80c5-514f7f43abe8.jpg?1562029805,"Flying",Nils Hamm,common,0.05,0.06,,0.07,0.16,,"Black_Album,binder",false,"","B","Creature — Imp",nm,"Смрадный Бес","undefined"
frf,Fate Reforged,pt,76,"Merciless Executioner",2,false,1893,https://cards.scryfall.io/normal/front/7/c/7c588d7a-e352-40a0-9fc7-55c7b4bfd013.jpg?1562826841,"",David Palumbo,uncommon,0.26,3.52,,0.32,2.23,,"Black_Album,binder",false,"","B","Creature — Orc Warrior",nm,"Безжалостный Палач","undefined"
ori,Magic Origins,pt,145,"Fiery Impulse",1,false,14093,https://cards.scryfall.io/normal/front/5/b/5b81a589-44bf-4441-9079-1ae66d067519.jpg?1562021477,"Spell mastery",Daarken,common,0.31,7.87,,0.42,17.35,,"Black_Album,binder",false,"","R","Instant",nm,"Огненный Импульс","undefined"
frf,Fate Reforged,pt,91,"Arcbond",2,false,3809,https://cards.scryfall.io/normal/front/9/b/9bc397d1-50a8-46cd-98b2-7104f2241420.jpg?1562828028,"",Slawomir Maniak,rare,0.63,3.12,,0.44,1.49,,"Black_Album,binder",false,"","R","Instant",nm,"Громовая Дуга","undefined"
ori,Magic Origins,pt,148,"Ghirapur Aether Grid",1,false,3114,https://cards.scryfall.io/normal/front/2/e/2e4a0c29-a759-465f-9136-9d709b6f30fc.jpg?1562012788,"",Cynthia Sheppard,uncommon,0.23,7.12,,0.42,3.68,,"Black_Album,binder",false,"","R","Enchantment",nm,"Гирапурская Эфирная Сеть","undefined"
ori,Magic Origins,pt,170,"Caustic Caterpillar",1,false,1489,https://cards.scryfall.io/normal/front/f/0/f03d4e0d-bddd-4835-91b8-11c2f15e54c3.jpg?1562048838,"",Jack Wang,common,0.20,6.00,,0.24,5.98,,"Black_Album,binder",false,"","G","Creature — Insect",nm,"Едкая Гусеница","undefined"
frf,Fate Reforged,pt,132,"Fruit of the First Tree",1,false,8642,https://cards.scryfall.io/normal/front/2/d/2d3e6a6a-4a19-41e1-b29e-a8f19838efe3.jpg?1562823794,"Enchant",Ryan Yee,uncommon,0.22,1.50,,0.21,0.51,,"Black_Album,binder",false,"","G","Enchantment — Aura",nm,"Плод Первого Древа","undefined"
frf,Fate Reforged,pt,145,"Whisperwood Elemental",1,false,7368,https://cards.scryfall.io/normal/front/6/6/66c61828-98b9-4264-b3dd-e83f881f4a67.jpg?1562826030,"Manifest",Raymond Swanland,mythic,1.62,2.73,,0.61,2.29,,"Black_Album,binder",false,"","G","Creature — Elemental",nm,"Элементаль Шепчущего Леса","undefined"
afr,Adventures in the Forgotten Realms,en,209,"Varis, Silverymoon Ranger",1,false,9092,https://cards.scryfall.io/normal/front/e/3/e3bd3ea9-f06d-4df7-8b8d-ac6a0e591b09.jpg?1627708517,"Reach,Ward,Venture into the dungeon",Jesper Ejsing,rare,0.18,0.29,,0.21,0.55,,"Black_Album,binder",false,"legendary","G","Legendary Creature — Human Elf Ranger",nm,"Варис, Следопыт из Сребролунья","undefined"
mid,Innistrad: Midnight Hunt,ru,44,"Consider",1,false,554,https://cards.scryfall.io/normal/front/a/2/a211d505-4d40-4914-a9da-220770d6ddbc.jpg?1665819309,"Surveil",Zezhou Chen,common,0.59,1.15,,0.74,1.59,,"Black_Album,binder",false,"","U","Instant",nm,"Рассмотрение","undefined"
khm,Kaldheim,ru,244,"Replicating Ring",1,false,1039,https://cards.scryfall.io/normal/front/b/0/b079e285-8431-46aa-bb04-70cac586ed0b.jpg?1631052293,"",Olena Richards,uncommon,0.31,6.56,,0.18,0.55,,"Black_Album,binder",false,"snow","","Snow Artifact",nm,"Кольцо Повторения","undefined"
khm,Kaldheim,ru,249,"Arctic Treeline",1,false,1630,https://cards.scryfall.io/normal/front/b/2/b20e3117-f1e4-4449-ae9d-0b66abfc717d.jpg?1631052462,"",Alayna Danner,common,0.33,0.41,,0.34,0.67,,"Black_Album,binder",false,"snow","","Snow Land — Forest Plains",nm,"Полярный Лесной Рубеж","undefined"
clb,Commander Legends: Battle for Baldur's Gate,en,142,"Ravenloft Adventurer",1,false,4257,https://cards.scryfall.io/normal/front/a/5/a5e27c36-d883-4681-8430-b4d0ad7f1df0.jpg?1674136247,"",Jodie Muir,rare,0.19,0.29,,0.76,1.07,,"Black_Album,binder",false,"","B","Creature — Human Rogue Assassin",nm,"Исследовательница Рейвенлофта","undefined"
clb,Commander Legends: Battle for Baldur's Gate,en,215,"Avenging Hunter",1,false,10599,https://cards.scryfall.io/normal/front/f/4/f4072640-0f9b-4f0a-84cc-eda415cc92e7.jpg?1674136957,"Trample",Borja Pindado,common,0.61,1.80,,1.94,3.15,,"Black_Album,binder",false,"","G","Creature — Dragon Ranger",nm,"Мстительный Охотник","undefined"
clb,Commander Legends: Battle for Baldur's Gate,en,347,"Black Dragon Gate",2,false,1520,https://cards.scryfall.io/normal/front/c/4/c4ceb589-c741-44ac-98c8-3d997953ee61.jpg?1674138128,"",Sergey Glushakov,common,0.23,2.16,,0.45,0.64,,"Black_Album,binder",false,"","","Land — Gate",nm,"Врата Черного Дракона","undefined"
clb,Commander Legends: Battle for Baldur's Gate,en,344,"Wayfarer's Bauble",1,false,50,https://cards.scryfall.io/normal/front/b/8/b865d247-fe0a-4583-b088-ae900ffe521b.jpg?1674138102,"",Tomas Duchek,common,0.17,1.25,,0.22,0.47,,"Black_Album,binder",false,"","","Artifact",nm,"Безделушка Путника","undefined"
znr,Zendikar Rising,ru,102,"Feed the Swarm",1,false,75,https://cards.scryfall.io/normal/front/f/6/f6b2eba7-862a-4efd-9f65-065fb2070855.jpg?1604195649,"",Andrey Kuzinskiy,common,0.22,0.52,,0.18,0.68,,"Black_Album,binder",false,"","B","Sorcery",nm,"Накормить Рой","undefined"
znr,Zendikar Rising,ru,201,"Roiling Regrowth",1,false,850,https://cards.scryfall.io/normal/front/f/a/fa259096-b24f-414c-af59-301bed4b4627.jpg?1604263848,"",Jonas De Ro,uncommon,0.27,0.48,,0.20,0.26,,"Black_Album,binder",false,"","G","Instant",nm,"Бушующее Отрастание","undefined"
znr,Zendikar Rising,ru,80,"Silundi Vision // Silundi Isle",1,false,1600,https://cards.scryfall.io/normal/front/1/1/11568cdf-6148-494c-8b98-f5ca5797d775.jpg?1604194924,"",Randy Vargas,uncommon,0.29,0.50,,0.24,0.40,,"Black_Album,binder",false,"","U","Instant // Land",nm,"undefined","undefined"
bbd,Battlebond,en,117,"Fog Bank",1,false,3054,https://cards.scryfall.io/normal/front/8/e/8efa098b-9e52-4a5e-9554-007c5b1efdca.jpg?1562923855,"Flying,Defender",Howard Lyon,uncommon,0.25,1.35,,0.19,0.96,,"Black_Album,binder",false,"","U","Creature — Wall",nm,"undefined","undefined"
bbd,Battlebond,en,15,"Chakram Retriever",1,false,5784,https://cards.scryfall.io/normal/front/b/5/b57d518c-21bb-4451-8248-9ee838460c09.jpg?1562931528,"Partner with,Partner",Dmitry Burmak,uncommon,0.58,4.49,,0.54,3.47,,"Black_Album,binder",false,"","U","Creature — Elemental Dog",nm,"undefined","undefined"
bbd,Battlebond,en,179,"Goblin Razerunners",1,false,11308,https://cards.scryfall.io/normal/front/d/5/d55da0b4-92a5-48a3-bec1-24baf190e91a.jpg?1645036102,"",Raymond Swanland,rare,0.11,0.25,,0.12,0.55,,"Black_Album,binder",false,"","R","Creature — Goblin Warrior",nm,"Гоблины-Поджигатели","undefined"
bbd,Battlebond,en,198,"Fertile Ground",2,false,711,https://cards.scryfall.io/normal/front/c/1/c1797305-1cb0-4330-a6f2-66951037e9be.jpg?1562933871,"Enchant",Heather Hudson,common,0.34,8.35,,0.16,4.52,,"Black_Album,binder",false,"","G","Enchantment — Aura",nm,"Плодородная Почва","undefined"
bbd,Battlebond,en,217,"Apocalypse Hydra",1,false,7130,https://cards.scryfall.io/normal/front/3/a/3a3bae04-6da2-485d-812e-ea2f7e45a9f3.jpg?1562906780,"",Jason Chan,rare,0.60,3.00,,0.36,0.92,,"Black_Album,binder",false,"","G,R","Creature — Hydra",nm,"undefined","undefined"
dmu,Dominaria United,en,46,"Defiler of Dreams",1,false,2866,https://cards.scryfall.io/normal/front/8/8/881cc4a3-252b-4155-a34f-63d4b4f44442.jpg?1673306686,"Flying",Ryan Pancoast,rare,0.23,0.29,,0.45,0.56,,"Black_Album,binder",false,"","U","Creature — Phyrexian Sphinx",nm,"undefined","undefined"
clb,Commander Legends: Battle for Baldur's Gate,en,635,"Durnan of the Yawning Portal",1,false,6531,https://cards.scryfall.io/normal/front/2/3/2347c1fd-9a7d-470b-9e8e-d75b6a5b7f23.jpg?1674140569,"Choose a background",David Gaillet,mythic,0.53,10.07,,0.56,12.03,,"Black_Album,binder",false,"legendary,extendedart","G","Legendary Creature — Human Warrior",nm,"Дурнан из Зияющего Портала","boosterfun"
one,Phyrexia: All Will Be One,en,68,"Serum Snare",1,false,3794,https://cards.scryfall.io/normal/front/d/3/d326bff1-5370-4817-8370-6da87a061058.jpg?1675956988,"Proliferate",Lauren K. Cannon,uncommon,0.23,2.36,,0.15,0.33,,"Black_Album,binder",false,"","U","Instant",nm,"undefined","undefined"
one,Phyrexia: All Will Be One,en,98,"Karumonix, the Rat King",1,false,4553,https://cards.scryfall.io/normal/front/f/1/f16e282d-8941-46c7-a974-c05b6f73c964.jpg?1675957034,"Toxic",Helge C. Balzer,rare,0.48,0.60,,0.34,0.68,,"Black_Album,binder",false,"legendary","B","Legendary Creature — Phyrexian Rat",nm,"undefined","undefined"
khc,Kaldheim Commander,ru,55,"Cultivator of Blades",1,false,5289,https://cards.scryfall.io/normal/front/c/2/c2e6e8a1-2e69-43de-964d-72f722439d4a.jpg?1631234753,"Fabricate",Bastien L. Deharme,rare,0.23,,,0.14,,,"Black_Album,binder",false,"","G","Creature — Elf Artificer",nm,"Культиватор Клинков","undefined"
one,Phyrexia: All Will Be One,en,169,"Green Sun's Twilight",1,true,2519,https://cards.scryfall.io/normal/front/1/8/184c985d-cb70-41a7-9f66-3506708b7e26.jpg?1675957142,"",Yeong-Hao Han,rare,0.27,0.38,,0.28,0.70,,"Black_Album,binder",false,"","G","Sorcery",nm,"undefined","undefined"
eld,Throne of Eldraine,en,249,"Witch's Cottage",2,false,717,https://cards.scryfall.io/normal/front/b/8/b87891cd-b457-4dff-8d18-a7eaf6748fc6.jpg?1572491253,"",Gabor Szikszai,common,0.64,1.73,,0.43,1.54,,"Black_Album,binder",false,"","","Land — Swamp",nm,"Ведьмина Избушка","undefined"
eld,Throne of Eldraine,en,124,"Fervent Champion",2,false,5433,https://cards.scryfall.io/normal/front/c/5/c52d66db-5570-48a1-99cf-e0417517747b.jpg?1636491502,"First strike,Haste",Steve Argyle,rare,0.15,0.55,,0.19,0.95,,"Black_Album,binder",false,"","R","Creature — Human Knight",nm,"Пылкий Поборник","undefined"
eld,Throne of Eldraine,en,217,"Crashing Drawbridge",1,false,983,https://cards.scryfall.io/normal/front/b/7/b7d7108f-635c-423b-988a-bc8fc4c6edef.jpg?1572490956,"Defender",Mark Behm,common,0.36,1.20,,0.18,0.44,,"Black_Album,binder",false,"","","Artifact Creature — Wall",nm,"Опускающийся Мост","undefined"
bbd,Battlebond,en,29,"Play of the Game",1,false,10348,https://cards.scryfall.io/normal/front/8/5/85b09595-0d81-4cc0-872f-9a6fb539298b.jpg?1562922030,"Assist",Jung Park,rare,0.40,6.15,,0.55,1.53,,"Black_Album,binder",false,"","W","Sorcery",nm,"undefined","undefined"
bbd,Battlebond,en,75,"Azra Oddsmaker",1,false,5344,https://cards.scryfall.io/normal/front/7/f/7f5e6a5a-18ee-438f-ab16-694e19a2410e.jpg?1562920701,"",Josh Hass,uncommon,0.46,6.47,,0.37,7.00,,"Black_Album,binder",false,"","B,R","Creature — Azra Warrior",nm,"undefined","undefined"
emn,Eldritch Moon,en,36,"Peace of Mind",1,true,14350,https://cards.scryfall.io/normal/front/3/6/36e37aa2-d898-47f5-9679-5717bfa25688.jpg?1576383942,"",Christopher Moeller,uncommon,0.05,0.28,,0.10,0.19,,"Black_Album,binder",false,"","W","Enchantment",nm,"Покой Разума","undefined"
emn,Eldritch Moon,en,45,"Subjugator Angel",1,false,9693,https://cards.scryfall.io/normal/front/a/f/af01371c-cd09-4882-9caf-04426dd4c965.jpg?1576384002,"Flying",Lius Lasahido,uncommon,0.30,3.92,,0.12,1.39,,"Black_Album,binder",false,"","W","Creature — Angel",nm,"Ангел-Поработитель","undefined"
emn,Eldritch Moon,en,37,"Providence",1,false,23604,https://cards.scryfall.io/normal/front/2/e/2e5edd8d-8e10-4414-a326-95a672dfcff7.jpg?1576383949,"",Zack Stella,rare,0.07,0.30,,0.08,0.29,,"Black_Album,binder",false,"","W","Sorcery",nm,"Провидение","undefined"
cmr,Commander Legends,ru,480,"Coral Atoll",1,false,4073,https://cards.scryfall.io/normal/front/7/7/77e3ea71-ea9f-4bbf-93cb-0f6339f8a3ab.jpg?1608917971,"",John Avon,uncommon,0.25,,,0.23,,,"Black_Album,binder",false,"","","Land",nm,"Коралловый Атолл","undefined"
cmr,Commander Legends,ru,368,"Elder Deep-Fiend",1,false,6019,https://cards.scryfall.io/normal/front/4/c/4cffed4c-4e2b-414a-9b20-90ce21b47d16.jpg?1610074944,"Emerge,Flash",Jason Felix,rare,0.34,,,0.33,,,"Black_Album,binder",false,"","","Creature — Eldrazi Octopus",nm,"Древний Изверг Бездны","undefined"
cmr,Commander Legends,ru,446,"Growth Spiral",1,false,215,https://cards.scryfall.io/normal/front/5/c/5c0f0add-4ed5-4146-972f-ece8a19e567d.jpg?1608917640,"",Seb McKinnon,common,0.30,,,0.39,,,"Black_Album,binder",false,"","G,U","Instant",nm,"Спираль Роста","undefined"
cmr,Commander Legends,ru,484,"Jungle Basin",1,false,3998,https://cards.scryfall.io/normal/front/d/4/d4929e39-fccc-450b-bb18-f5ad56a397bd.jpg?1608918013,"",John Avon,uncommon,0.26,,,0.19,,,"Black_Album,binder",false,"","","Land",nm,"Низина в Джунглях","undefined"
cmr,Commander Legends,ru,399,"Meloku the Clouded Mirror",1,false,3037,https://cards.scryfall.io/normal/front/6/0/60b9db96-a6ab-454b-99a7-910ef77560d7.jpg?1668725069,"Flying",Scott M. Fischer,rare,0.38,,,0.45,,,"Black_Album,binder",false,"legendary","U","Legendary Creature — Moonfolk Wizard",nm,"Мелоку, Туманное Зеркало","undefined"
cmr,Commander Legends,ru,403,"Scourge of Fleets",1,false,1529,https://cards.scryfall.io/normal/front/a/7/a79471f9-5cc0-48f5-9fa4-1f1374993825.jpg?1608912161,"",Steven Belledin,rare,0.34,,,0.27,,,"Black_Album,binder",false,"","U","Creature — Kraken",nm,"Бич Кораблей","undefined"
cmr,Commander Legends,ru,470,"Seer's Sundial",1,false,2943,https://cards.scryfall.io/normal/front/4/9/491b8613-d5cd-4749-9c1b-d27a388c616a.jpg?1608917875,"Landfall",Franz Vohwinkel,rare,0.18,,,0.12,,,"Black_Album,binder",false,"","","Artifact",nm,"Солнечные Часы Провидца","undefined"
cmr,Commander Legends,ru,471,"Simic Signet",1,false,332,https://cards.scryfall.io/normal/front/6/a/6a8ce2ab-d3e6-486c-a577-2d4f2c750cde.jpg?1608917887,"",Mike Sass,common,0.36,,,0.30,,,"Black_Album,binder",false,"","","Artifact",nm,"Печать Дома Симиков","undefined"
cmr,Commander Legends,ru,452,"Simic Sky Swallower",1,false,5147,https://cards.scryfall.io/normal/front/f/7/f791b7fa-3d12-409d-b017-cb9fd8b71af7.jpg?1608917702,"Flying,Shroud,Trample",rk post,rare,0.22,,,0.16,,,"Black_Album,binder",false,"","G,U","Creature — Leviathan",nm,"Небоглот Симиков","undefined"
cmr,Commander Legends,ru,405,"Slinn Voda, the Rising Deep",1,false,3021,https://cards.scryfall.io/normal/front/c/e/cebf2c16-bd9d-4a8f-a1b6-6e0c393178bc.jpg?1608912178,"Kicker",Grzegorz Rutkowski,uncommon,0.23,,,0.12,,,"Black_Album,binder",false,"legendary","U","Legendary Creature — Leviathan",nm,"Слинн Вода, Наступающая Бездна","undefined"
cmr,Commander Legends,ru,453,"Spitting Image",1,false,5379,https://cards.scryfall.io/normal/front/f/5/f51d5d93-e4f7-4c83-a89f-f600668d2c29.jpg?1608917711,"Retrace",Jim Nelson,rare,0.13,,,0.15,,,"Black_Album,binder",false,"","G,U","Sorcery",nm,"Разительное Сходство","undefined"
cmr,Commander Legends,ru,437,"Sporemound",1,false,2223,https://cards.scryfall.io/normal/front/0/9/092bfc5f-8002-43da-8e70-c19fccfe54ac.jpg?1611797251,"Landfall",Svetlin Velinov,common,0.24,,,0.13,,,"Black_Album,binder",false,"","G","Creature — Fungus",nm,"Споровая Кочка","undefined"
cmr,Commander Legends,ru,367,"Stumpsquall Hydra",1,false,8806,https://cards.scryfall.io/normal/front/8/f/8fe8096b-332a-4832-b957-7a35bb350e4e.jpg?1610074924,"",Grzegorz Rutkowski,rare,0.26,,,0.21,,,"Black_Album,binder",false,"","G","Creature — Hydra",nm,"Гидра Шквала Обрубков","undefined"
cmr,Commander Legends,ru,438,"Terastodon",1,false,900,https://cards.scryfall.io/normal/front/3/2/32141ae3-0c1c-480c-8f61-90a46d5ce54c.jpg?1608917561,"",Lars Grant-West,rare,0.57,,,0.26,,,"Black_Album,binder",false,"","G","Creature — Elephant",nm,"Терастодонт","undefined"
cmr,Commander Legends,ru,500,"Vivid Creek",1,false,2128,https://cards.scryfall.io/normal/front/7/f/7fde8caf-975e-4d43-b994-27199e0557fa.jpg?1608918161,"",Fred Fields,uncommon,0.15,,,0.18,,,"Black_Album,binder",false,"","","Land",nm,"Радужный Ручей","undefined"
cmr,Commander Legends,ru,501,"Vivid Grove",1,false,2122,https://cards.scryfall.io/normal/front/7/f/7fdfbba9-c5f7-426b-8219-8661304ea588.jpg?1608918168,"",Howard Lyon,uncommon,0.21,,,0.18,,,"Black_Album,binder",false,"","","Land",nm,"Радужная Роща","undefined"
cmr,Commander Legends,ru,409,"Whelming Wave",1,false,1595,https://cards.scryfall.io/normal/front/d/d/ddb863a0-3ff8-42a3-a151-4ea9aa433336.jpg?1608912215,"",Slawomir Maniak,rare,0.67,,,0.38,,,"Black_Album,binder",false,"","U","Sorcery",nm,"Затапливающая Волна","undefined"
cmr,Commander Legends,en,158,"Viscera Seer",2,false,164,https://cards.scryfall.io/normal/front/d/4/d49203dd-89b6-4e91-b3ff-5f9f5ce981f8.jpg?1608910025,"Scry",John Stanko,common,0.39,0.61,,0.26,0.45,,"Black_Album,binder",false,"","B","Creature — Vampire Wizard",nm,"undefined","undefined"
cmr,Commander Legends,en,228,"Fyndhorn Elves",3,false,111,https://cards.scryfall.io/normal/front/4/5/450744cf-7eba-491b-97b0-ca80c6368bbb.jpg?1608910653,"",Igor Kieryluk,common,0.89,0.98,,0.63,0.76,,"Black_Album,binder",false,"","G","Creature — Elf Druid",nm,"undefined","undefined"
vow,Innistrad: Crimson Vow,ru,134,"Undying Malice",2,false,1673,https://cards.scryfall.io/normal/front/8/e/8eb38041-043a-4b18-9d9a-f1283684e8f1.jpg?1643590441,"",Igor Kieryluk,common,0.44,0.78,,0.70,0.94,,"Black_Album,binder",false,"","B","Instant",nm,"Неумирающая Злоба","undefined"
c21,Commander 2021,ru,131,"Talrand, Sky Summoner",1,false,525,https://cards.scryfall.io/normal/front/9/f/9f4e8d4c-79f8-4313-bdb4-2062d8f5299b.jpg?1625976518,"",Svetlin Velinov,rare,0.27,,,0.16,,,"Black_Album,binder",false,"legendary","U","Legendary Creature — Merfolk Wizard",nm,"Талранд, Небесный Вызыватель","undefined"
ons,Onslaught,en,298,"Wall of Mulch",1,false,6752,https://cards.scryfall.io/normal/front/8/b/8b3b4448-50f0-4996-94a1-db9ce356d925.jpg?1562927857,"Defender",Anthony S. Waters,uncommon,0.35,5.95,,0.20,1.27,,"Black_Album,binder",false,"","G","Creature — Wall",nm,"undefined","undefined"
thb,Theros Beyond Death,ru,74,"Thirst for Meaning",1,true,5622,https://cards.scryfall.io/normal/front/2/4/2422973d-36ee-4b8c-9a47-fcd160aa9f63.jpg?1581479595,"",Brian Valeza,common,0.04,0.19,,0.13,0.24,,"Black_Album,binder",false,"","U","Instant",nm,"Жажда Смысла","undefined"
thb,Theros Beyond Death,ru,104,"Minion's Return",1,false,4540,https://cards.scryfall.io/normal/front/c/e/ce763778-0a35-41d2-9286-fdf2302554f5.jpg?1581479868,"Enchant,Flash",Billy Christian,uncommon,0.36,0.49,,0.23,0.30,,"Black_Album,binder",false,"","B","Enchantment — Aura",nm,"Возвращение Приспешника","undefined"
thb,Theros Beyond Death,ru,121,"Underworld Dreams",1,false,1350,https://cards.scryfall.io/normal/front/0/3/03919c86-1c4a-43b0-a2db-54ca6ae1ac57.jpg?1581480025,"",PINDURSKI,uncommon,0.77,0.98,,0.48,0.60,,"Black_Album,binder",false,"","B","Enchantment",nm,"Сны Подземелья","undefined"
thb,Theros Beyond Death,ru,108,"Nightmare Shepherd",1,false,3343,https://cards.scryfall.io/normal/front/4/a/4a46eec7-bb79-441c-959f-eea599e5c341.jpg?1581479899,"Flying",Tyler Jacobson,rare,0.60,0.47,,0.55,0.71,,"Black_Album,binder",false,"nyxtouched","B","Enchantment Creature — Demon",nm,"Пастырь Кошмаров","undefined"
thb,Theros Beyond Death,ru,263,"Tymaret, Chosen from Death",1,true,6734,https://cards.scryfall.io/normal/front/1/b/1bcb02d3-dcf4-41a6-8b9a-f8ad477faea0.jpg?1682720722,"",Jason A. Engle,uncommon,0.05,0.12,,0.14,0.13,,"Black_Album,binder",false,"nyxtouched,showcase,legendary,inverted","B","Legendary Enchantment Creature — Demigod",nm,"undefined","boosterfun"
cn2,Conspiracy: Take the Crown,en,13,"Ballot Broker",1,false,7172,https://cards.scryfall.io/normal/front/5/9/591e124d-3317-455e-9189-5d76089c1c03.jpg?1576381549,"",Magali Villeneuve,common,0.31,6.84,,0.14,0.45,,"Black_Album,binder",false,"","W","Creature — Human Advisor",nm,"undefined","undefined"
cn2,Conspiracy: Take the Crown,en,49,"Besmirch",1,false,8241,https://cards.scryfall.io/normal/front/5/3/534c652a-2345-48d5-bd78-33f91ed914b4.jpg?1576381885,"Goad",Mathias Kollros,uncommon,0.80,15.30,,0.37,3.18,,"Black_Album,binder",false,"","R","Sorcery",nm,"undefined","undefined"
cn2,Conspiracy: Take the Crown,en,4,"Emissary's Ploy",1,false,,https://cards.scryfall.io/normal/front/c/e/ce5f3b5c-feb8-4304-852f-01c467d6517c.jpg?1681082864,"",Howard Lyon,rare,0.14,0.98,,0.10,0.91,,"Black_Album,binder",false,"draft","","Conspiracy",nm,"undefined","undefined"
cn2,Conspiracy: Take the Crown,en,12,"Weight Advantage",1,false,,https://cards.scryfall.io/normal/front/f/e/feef03a1-f19a-413b-ad86-0b357cf9c09c.jpg?1681082951,"",Jakub Kasper,rare,0.12,0.92,,0.10,0.84,,"Black_Album,binder",false,"draft","","Conspiracy",nm,"undefined","undefined"
emn,Eldritch Moon,en,193,"Cryptolith Fragment // Aurora of Emrakul",1,false,3637,https://cards.scryfall.io/normal/front/0/7/078b2103-15ce-456d-b092-352fa7222935.jpg?1576385054,"Deathtouch,Flying,Transform",John Avon,uncommon,0.44,8.81,,0.46,2.49,,"Black_Album,binder",false,"mooneldrazidfc","","Artifact // Creature — Eldrazi Reflection",nm,"undefined","undefined"
mom,March of the Machine,en,50,"Change the Equation",2,false,12402,https://cards.scryfall.io/normal/front/e/9/e98db9ed-b43f-4bc1-b7a9-ce03a534d992.jpg?1682203029,"",Alix Branwyn,uncommon,0.26,1.09,,0.25,1.09,,"Black_Album,binder",false,"","U","Instant",nm,"undefined","undefined"
mom,March of the Machine,en,252,"Rankle and Torbran",1,false,7513,https://cards.scryfall.io/normal/front/d/9/d92c191e-329c-41f5-ae4f-1bb91fc001a0.jpg?1682205673,"Flying,First strike,Treasure,Haste",Viko Menezes,rare,0.13,0.27,,0.15,0.27,,"Black_Album,binder",false,"legendary","B,R","Legendary Creature — Faerie Dwarf",nm,"undefined","undefined"
mom,March of the Machine,en,23,"Invasion of Theros // Ephara, Ever-Sheltering",1,false,8047,https://cards.scryfall.io/normal/front/4/3/433e9f1c-9d6c-4c7e-89d0-79595b4331f2.jpg?1689854843,"Transform",Johan Grenier,rare,0.32,0.36,,0.27,0.63,,"Black_Album,binder",false,"legendary,nyxtouched","W,U","Battle — Siege // Legendary Enchantment Creature — God",nm,"undefined","undefined"
mom,March of the Machine,en,98,"Corrupted Conviction",1,false,1266,https://cards.scryfall.io/normal/front/c/e/ce133ad5-8748-4a3d-ae8c-7b2a5938927d.jpg?1682203658,"",Joseph Weston,common,1.09,1.95,,0.52,0.72,,"Black_Album,binder",false,"","B","Instant",nm,"undefined","undefined"
mom,March of the Machine,en,194,"Invasion of Zendikar // Awakened Skyclave",2,false,3208,https://cards.scryfall.io/normal/front/8/f/8fed056f-a8f5-41ec-a7d2-a80a238872d1.jpg?1682715725,"Vigilance,Transform,Haste",Diego Gisbert,uncommon,0.52,2.41,,0.18,0.49,,"Black_Album,binder",false,"","G","Battle — Siege // Creature — Elemental",nm,"undefined","undefined"
afr,Adventures in the Forgotten Realms,ru,397,"Treasure Chest",1,true,3780,https://cards.scryfall.io/normal/front/4/1/41ae20c0-b056-4c4f-a6d0-bbd72c37d0fc.jpg?1632182160,"Treasure",Scott Murphy,rare,,0.25,,,0.24,,"Black_Album,binder",false,"","","Artifact",nm,"Сундук с Сокровищами","bundle"
c20,Commander 2020,ru,290,"Mossfire Valley",1,false,692,https://cards.scryfall.io/normal/front/a/2/a27b5904-f605-4b4a-b814-8936fb42e22d.jpg?1591322207,"",John Avon,rare,0.23,,,0.32,,,"Black_Album,binder",false,"","","Land",nm,"Долина Огненных Мхов","undefined"
dtk,Dragons of Tarkir,en,91,"Coat with Venom",1,true,16846,https://cards.scryfall.io/normal/front/8/c/8cc8e012-7043-405c-b6cd-b3b38f8a8d54.jpg?1562789651,"",Johann Bodin,common,0.06,0.57,,0.08,0.18,,"Black_Album,binder",false,"","B","Instant",nm,"Покрыть Ядом","undefined"
dtk,Dragons of Tarkir,en,118,"Shambling Goblin",1,true,17199,https://cards.scryfall.io/normal/front/9/4/9404c7d5-3450-4425-94e5-aa7d4e571d4e.jpg?1562790023,"",Yeong-Hao Han,common,0.07,0.34,,0.04,0.29,,"Black_Album,binder",false,"","B","Creature — Zombie Goblin",nm,"Шаркающий Гоблин","undefined"
dtk,Dragons of Tarkir,en,47,"Blessed Reincarnation",1,false,17063,https://cards.scryfall.io/normal/front/4/0/401cd79d-638e-43b4-8d0c-d7af05c55a1a.jpg?1562785260,"Rebound",Kev Walker,rare,0.15,0.24,,0.17,0.39,,"Black_Album,binder",false,"","U","Instant",nm,"Благословенная Реинкарнация","undefined"
dtk,Dragons of Tarkir,en,131,"Commune with Lava",1,false,2160,https://cards.scryfall.io/normal/front/0/5/051141cb-562a-42a5-984b-a83ee8baca51.jpg?1562781946,"",Ryan Barger,rare,0.31,3.94,,0.23,1.54,,"Black_Album,binder",false,"","R","Instant",nm,"Причащение Лавой","undefined"
dtk,Dragons of Tarkir,en,140,"Impact Tremors",1,false,270,https://cards.scryfall.io/normal/front/5/6/56fb4035-197b-4d28-9bf7-bb62c304067e.jpg?1562786545,"",Lake Hurwitz,common,0.45,11.26,,0.66,4.61,,"Black_Album,binder",false,"","R","Enchantment",nm,"Дрожь от Удара","undefined"
frf,Fate Reforged,pt,131,"Frontier Siege",1,false,3395,https://cards.scryfall.io/normal/front/a/4/a474981a-581a-49c0-a036-87afaaeea7ef.jpg?1648060702,"Fight",James Ryman,rare,0.55,,,0.33,,,"Black_Album,binder",false,"","G","Enchantment",nm,"Осада Пограничья","undefined"
mom,March of the Machine,en,32,"Progenitor Exarch",2,false,6378,https://cards.scryfall.io/normal/front/f/8/f86f7d03-ce71-498d-9dc5-2bd853ac0eae.jpg?1682202814,"Incubate,Transform",Marie Magny,rare,0.20,0.33,,0.26,0.27,,"Black_Album,binder",false,"","W","Creature — Phyrexian Cat Cleric",nm,"undefined","undefined"
mom,March of the Machine,en,230,"Invasion of Alara // Awaken the Maelstrom",2,false,8801,https://cards.scryfall.io/normal/front/3/1/318c363b-61cc-4e2f-8f86-a4287539ea07.jpg?1682715186,"",Mathias Kollros,rare,0.25,0.41,,0.55,1.25,,"Black_Album,binder",false,"","B,G,R,U,W","Battle — Siege // Sorcery",nm,"undefined","undefined"
stx,Strixhaven: School of Mages,en,259,"Strixhaven Stadium",1,false,2277,https://cards.scryfall.io/normal/front/4/2/421674ee-4b85-4942-b166-952598165826.jpg?1624740737,"",Piotr Dura,rare,0.93,0.94,,0.51,0.64,,"Black_Album,binder",false,"","","Artifact",nm,"Стадион Стриксхейвена","undefined"
afc,Forgotten Realms Commander,ru,195,"Utter End",1,false,743,https://cards.scryfall.io/normal/front/0/a/0abda7f5-89c2-43ad-bcc9-8b802881c373.jpg?1631588726,"",Mark Winters,rare,0.11,,,0.23,,,"Black_Album,binder",false,"","B,W","Instant",nm,"Окончательная Погибель","undefined"
mat,March of the Machine: The Aftermath,en,44,"Rocco, Street Chef",1,false,7587,https://cards.scryfall.io/normal/front/c/d/cdb53ce7-845c-4c62-98a9-4fc33c67a07b.jpg?1684340828,"Food",Bram Sels,rare,0.23,0.24,,0.21,0.25,,"Black_Album,binder",false,"legendary","G,R,W","Legendary Creature — Elf Druid",nm,"undefined","undefined"
mat,March of the Machine: The Aftermath,en,28,"Cosmic Rebirth",1,true,4603,https://cards.scryfall.io/normal/front/7/f/7fcb225c-d18f-4b84-b2fc-91ed84ec30aa.jpg?1684340687,"",Marta Nael,uncommon,0.13,0.17,,0.18,0.27,,"Black_Album,binder",false,"","G,W","Instant",nm,"undefined","undefined"
mat,March of the Machine: The Aftermath,en,83,"Jolrael, Voice of Zhalfir",1,false,9904,https://cards.scryfall.io/normal/front/0/7/07fa8aaa-46e5-467b-a237-feae3b2f6ddc.jpg?1684341169,"",Scott M. Fischer,rare,0.19,0.23,,,,,"Black_Album,binder",false,"showcase","G,U","Legendary Creature — Human Druid",nm,"undefined","boosterfun"
cmr,Commander Legends,en,284,"Kwain, Itinerant Meddler",1,false,3196,https://cards.scryfall.io/normal/front/f/5/f571fef1-1fd2-4355-b803-5edccb6f4b94.jpg?1608911183,"",Lucas Graciano,rare,0.28,0.41,,0.29,0.39,,"Black_Album,binder",false,"legendary","U,W","Legendary Creature — Rabbit Wizard",nm,"undefined","undefined"
dmu,Dominaria United,en,93,"Evolved Sleeper",1,false,9260,https://cards.scryfall.io/normal/front/e/b/ebeafbc2-0399-4335-8f63-76a3e085e8c6.jpg?1673307095,"",Jason A. Engle,rare,0.25,0.36,,0.45,0.64,,"Black_Album,binder",false,"","B","Creature — Human",nm,"undefined","undefined"
afr,Adventures in the Forgotten Realms,en,104,"Forsworn Paladin",1,false,5295,https://cards.scryfall.io/normal/front/4/a/4acaf396-f950-42da-85ab-149ffb31fee6.jpg?1627704845,"Treasure,Menace",Lorenzo Mastroianni,rare,0.22,0.30,,0.27,0.41,,"Black_Album,binder",false,"","B","Creature — Human Knight",nm,"Поклявшийся Паладин","undefined"
afr,Adventures in the Forgotten Realms,en,336,"Barrowin of Clan Undurr",1,true,6197,https://cards.scryfall.io/normal/front/3/8/38ce406d-8253-48f8-a146-8302518c5187.jpg?1627712269,"Venture into the dungeon",Russ Nicholson,uncommon,0.06,0.29,,0.21,0.23,,"Black_Album,binder",false,"showcase,legendary","B,W","Legendary Creature — Dwarf Cleric",nm,"Барровин из Клана Ундурр","boosterfun"
afr,Adventures in the Forgotten Realms,en,297,"Adult Gold Dragon",1,false,8261,https://cards.scryfall.io/normal/front/6/2/62906879-fcc3-4ede-aa9e-b63d963d331a.jpg?1627772998,"Flying,Lifelink,Haste",Kev Walker,rare,0.28,0.63,,0.30,1.00,,"Black_Album,binder",false,"","R,W","Creature — Dragon",nm,"Взрослый Золотой Дракон","boosterfun"
afr,Adventures in the Forgotten Realms,en,246,"Hand of Vecna",1,false,7796,https://cards.scryfall.io/normal/front/d/d/ddd0beb7-80dc-4665-bab2-747c795d97db.jpg?1627709846,"Equip",Irina Nordsol,rare,0.18,0.22,,0.19,0.33,,"Black_Album,binder",false,"legendary","","Legendary Artifact — Equipment",nm,"Рука Векны","undefined"
snc,Streets of New Capenna,en,24,"Rabble Rousing",1,true,1619,https://cards.scryfall.io/normal/front/2/0/206c8529-56df-4ed9-97bc-6c9b5e2a04c4.jpg?1664409862,"Hideaway",Nestor Ossandon Leal,rare,0.73,0.79,,0.71,0.81,,"Black_Album,binder",false,"","W","Enchantment",nm,"Недовольство Низов","undefined"
clb,Commander Legends: Battle for Baldur's Gate,en,35,"Noble Heritage",1,false,3646,https://cards.scryfall.io/normal/front/3/e/3e49fd5a-6893-4a06-b835-4bf611c9ada1.jpg?1674135196,"",Dallas Williams,rare,0.14,0.98,,0.16,0.42,,"Black_Album,binder",false,"legendary","W","Legendary Enchantment — Background",nm,"Благородное Происхождение","undefined"
clb,Commander Legends: Battle for Baldur's Gate,en,126,"Eldritch Pact",1,false,6797,https://cards.scryfall.io/normal/front/d/5/d578bdc3-1edf-4267-b612-2236b54329c6.jpg?1674136086,"",Peter Polach,rare,0.12,0.16,,0.25,0.34,,"Black_Album,binder",false,"","B","Sorcery",nm,"Таинственный Договор","undefined"
clb,Commander Legends: Battle for Baldur's Gate,en,182,"Ingenious Artillerist",1,false,1741,https://cards.scryfall.io/normal/front/1/d/1d8dd6c3-3699-4dd1-a019-fdb569eaf722.jpg?1674136617,"",Gaboleps,common,0.24,4.15,,0.20,0.89,,"Black_Album,binder",false,"","R","Creature — Human Artificer",nm,"Гениальный Артиллерист","undefined"
clb,Commander Legends: Battle for Baldur's Gate,en,338,"Stonespeaker Crystal",1,false,2709,https://cards.scryfall.io/normal/front/8/c/8c99e6e1-3b88-4d2f-bc5d-70439585a063.jpg?1674138050,"",Robin Olausson,uncommon,0.20,1.67,,0.22,0.40,,"Black_Album,binder",false,"","","Artifact",nm,"Говорящий с Камнями Кристалл","undefined"
neo,Kamigawa: Neon Dynasty,en,57,"Inventive Iteration // Living Breakthrough",1,false,5177,https://cards.scryfall.io/normal/front/e/a/ea6d3242-8059-4203-aa06-58a6a3925eda.jpg?1656615308,"Flying,Transform",Nestor Ossandon Leal,rare,0.13,0.17,,0.16,0.26,,"Black_Album,binder",false,"fandfc","U","Enchantment — Saga // Enchantment Creature — Moonfolk",nm,"undefined","undefined"
neo,Kamigawa: Neon Dynasty,en,138,"Experimental Synthesizer",1,false,6674,https://cards.scryfall.io/normal/front/c/4/c47931c9-685d-4b83-8299-bc347224b4e8.jpg?1654567579,"",Yeong-Hao Han,common,0.91,1.68,,1.31,2.14,,"Black_Album,binder",false,"","R","Artifact",nm,"Экспериментальный Синтезатор","undefined"
neo,Kamigawa: Neon Dynasty,en,234,"Satoru Umezawa",1,false,2562,https://cards.scryfall.io/normal/front/8/8/8887f26d-b097-4fbc-9c48-bdc656409a32.jpg?1654568594,"",Anna Pavleeva,rare,0.25,0.42,,0.24,0.45,,"Black_Album,binder",false,"legendary","B,U","Legendary Creature — Human Ninja",nm,"Сатору Умезава","undefined"
jmp,Jumpstart,en,108,"High Sentinels of Arashin",1,false,11519,https://cards.scryfall.io/normal/front/2/0/2002d263-3fe0-481a-b389-84e281b009d7.jpg?1600696520,"Flying",James Ryman,rare,0.07,,,0.14,,,"Black_Album,binder",false,"","W","Creature — Bird Soldier",nm,"undefined","undefined"
m21,Core Set 2021,en,142,"Double Vision",2,false,1379,https://cards.scryfall.io/normal/front/7/5/754b77b4-4cc4-4e49-a7a4-667401e7e063.jpg?1594736598,"",Heonhwa Choe,rare,0.29,0.57,,0.33,0.57,,"Black_Album,binder",false,"","R","Enchantment",nm,"Двойное Видение","undefined"
jmp,Jumpstart,en,395,"Feral Hydra",1,false,6442,https://cards.scryfall.io/normal/front/4/5/45bc8745-9aaf-4b3c-922f-5a577324bb1f.jpg?1601079454,"",Steve Prescott,uncommon,0.16,,,0.11,,,"Black_Album,binder",false,"","G","Creature — Hydra Beast",nm,"undefined","undefined"
ltr,The Lord of the Rings: Tales of Middle-earth,en,118,"Cast into the Fire",3,false,6975,https://cards.scryfall.io/normal/front/2/e/2ef878cb-27b6-47d8-ad11-bd20529b0e7e.jpg?1686968832,"",Aurore Folny,common,0.42,1.08,,0.61,1.38,,"Black_Album,binder",false,"","R","Instant",nm,"undefined","undefined"
ltr,The Lord of the Rings: Tales of Middle-earth,en,202,"Faramir, Prince of Ithilien",1,false,5118,https://cards.scryfall.io/normal/front/8/7/8700923a-e9ff-4ced-87fe-1ab26554623a.jpg?1686969755,"",Tomas Duchek,rare,0.32,0.43,,0.49,0.80,,"Black_Album,binder",false,"legendary","U,W","Legendary Creature — Human Noble",nm,"undefined","undefined"
ltr,The Lord of the Rings: Tales of Middle-earth,en,211,"King of the Oathbreakers",1,false,11506,https://cards.scryfall.io/normal/front/c/c/cc857755-62e6-4d29-95f5-82f5d4bde522.jpg?1686969851,"Flying",Tatiana Veryayskaya,rare,0.16,0.26,,0.16,0.56,,"Black_Album,binder",false,"legendary","B,W","Legendary Creature — Spirit Noble",nm,"undefined","undefined"
m21,Core Set 2021,ru,296,"Teferi's Tutelage",1,false,3810,https://cards.scryfall.io/normal/front/a/e/aefc721d-7c0b-4b3a-8131-f466bf3e7949.jpg?1594265704,"Mill",Ilse Gort,uncommon,0.20,0.24,,0.22,0.20,,"Black_Album,binder",false,"showcase","U","Enchantment",nm,"Наставничество Тефери","boosterfun"
m21,Core Set 2021,ru,254,"Temple of Mystery",1,false,311,https://cards.scryfall.io/normal/front/8/1/81634185-eb67-4d13-8b82-a662b8c9a7f0.jpg?1594737710,"Scry",Piotr Dura,rare,0.18,0.33,,0.23,0.48,,"Black_Album,binder",false,"","","Land",nm,"Храм Таинств","undefined"
2x2,Double Masters 2022,en,229,"Intet, the Dreamer",1,false,5689,https://cards.scryfall.io/normal/front/3/5/35517572-b5d4-4dbf-b090-4e4c4b040a0d.jpg?1673148766,"Flying",Dan Scott,rare,0.42,0.50,,0.23,0.76,,"Black_Album,binder",false,"legendary","G,R,U","Legendary Creature — Dragon",nm,"undefined","undefined"
iko,Ikoria: Lair of Behemoths,en,164,"Migration Path",1,false,812,https://cards.scryfall.io/normal/front/d/3/d345ca63-16a3-4988-93f5-d0e00e8d6ab0.jpg?1591227775,"Cycling",Grzegorz Rutkowski,uncommon,0.34,0.62,,0.18,0.79,,"Black_Album,binder",false,"","G","Sorcery",nm,"Путь Миграции","undefined"
iko,Ikoria: Lair of Behemoths,en,174,"Titanoth Rex",1,false,2332,https://cards.scryfall.io/normal/front/9/d/9d02e1e8-b85b-4e26-8ab8-ca2f49d05b88.jpg?1591227898,"Trample,Cycling",Svetlin Velinov,uncommon,0.29,6.82,,0.21,0.62,,"Black_Album,binder",false,"","G","Creature — Dinosaur Beast",nm,"Титанот Рекс","undefined"
iko,Ikoria: Lair of Behemoths,en,211,"Sprite Dragon",1,false,4288,https://cards.scryfall.io/normal/front/2/8/281f6118-adb8-4a7d-9c77-5570f3399e6e.jpg?1591228274,"Flying,Haste",Gabor Szikszai,uncommon,0.26,0.80,,0.69,1.69,,"Black_Album,binder",false,"","R,U","Creature — Faerie Dragon",nm,"Дракон-Пикси","undefined"
iko,Ikoria: Lair of Behemoths,en,199,"Parcelbeast",1,false,3423,https://cards.scryfall.io/normal/front/6/1/610bb98c-d66a-44cc-92e2-a80d700b59e4.jpg?1591228161,"Mutate",Milivoj Ćeran,uncommon,0.24,0.32,,0.17,0.25,,"Black_Album,binder",false,"","G,U","Creature — Elemental Beast",nm,"Антилопа Наделов","undefined"
jmp,Jumpstart,en,89,"Archon of Justice",1,false,9909,https://cards.scryfall.io/normal/front/0/4/042b0148-5821-4105-9cda-a0e405eb8bee.jpg?1600716696,"Flying",Jason Chan,rare,0.11,,,0.13,,,"Black_Album,binder",false,"","W","Creature — Archon",nm,"undefined","undefined"
jmp,Jumpstart,en,90,"Archon of Redemption",1,false,11956,https://cards.scryfall.io/normal/front/a/9/a9e8eb41-3800-4553-843b-ec27a44e8d55.jpg?1600716710,"Flying",Steven Belledin,rare,0.16,,,0.20,,,"Black_Album,binder",false,"","W","Creature — Archon",nm,"undefined","undefined"
jmp,Jumpstart,en,26,"Spiteful Prankster",3,false,6090,https://cards.scryfall.io/normal/front/d/5/d59ee7a6-3dfa-44c7-8f00-0183137c4d31.jpg?1632261854,"",Antonio José Manzanedo,uncommon,0.18,,,0.28,,,"Black_Album,binder",false,"","R","Creature — Devil",nm,"undefined","undefined"
jmp,Jumpstart,en,27,"Zurzoth, Chaos Rider",2,false,4159,https://cards.scryfall.io/normal/front/3/d/3d94b4c3-7944-41b6-8c92-78fd6e50658d.jpg?1632261859,"",Dmitry Burmak,rare,0.23,,,0.30,,,"Black_Album,binder",false,"legendary","R","Legendary Creature — Devil",nm,"undefined","undefined"
m21,Core Set 2021,ru,52,"Ghostly Pilferer",2,false,1523,https://cards.scryfall.io/normal/front/2/8/2810631f-c55c-4947-a26f-4d3ce76024b3.jpg?1594735508,"",Craig J Spearing,rare,0.36,0.51,,0.24,0.79,,"Black_Album,binder",false,"","U","Creature — Spirit Rogue",nm,"Призрачный Воришка","undefined"
m21,Core Set 2021,ru,68,"Sanctum of Calm Waters",4,false,3228,https://cards.scryfall.io/normal/front/8/0/80b2fb65-5868-4cab-b45d-e103558ce7dc.jpg?1594735727,"",Johannes Voss,uncommon,0.34,1.13,,0.28,0.61,,"Black_Album,binder",false,"legendary","U","Legendary Enchantment — Shrine",nm,"Святилище Тихой Воды","undefined"
m21,Core Set 2021,ru,203,"Sanctum of Fruitful Harvest",2,false,3190,https://cards.scryfall.io/normal/front/5/c/5ca28cfd-1a1b-4176-8b07-993d3d7b7ae4.jpg?1594737198,"",Johannes Voss,uncommon,0.31,7.31,,0.29,0.93,,"Black_Album,binder",false,"legendary","G","Legendary Enchantment — Shrine",nm,"Святилище Щедрого Урожая","undefined"
jmp,Jumpstart,en,239,"Gifted Aetherborn",1,false,3237,https://cards.scryfall.io/normal/front/8/6/8644d4d1-8499-40a8-a01f-68172c82bf58.jpg?1600714489,"Lifelink,Deathtouch",Ryan Yee,uncommon,0.27,,,0.56,,,"Black_Album,binder",false,"","B","Creature — Aetherborn Vampire",nm,"undefined","undefined"
m21,Core Set 2021,en,186,"Garruk's Uprising",1,false,126,https://cards.scryfall.io/normal/front/7/1/71a4860a-8bb6-45c0-b00a-b4a42da33ab9.jpg?1594737017,"",Wisnu Tan,uncommon,0.66,2.28,,0.86,2.52,,"Black_Album,binder",false,"","G","Enchantment",nm,"Бунт Гаррука","undefined"
m21,Core Set 2021,en,126,"Village Rites",2,false,179,https://cards.scryfall.io/normal/front/9/c/9c0f60a6-b5c8-4704-8b61-94e8fc463e5d.jpg?1594736427,"",Bud Cook,common,0.25,0.77,,0.18,0.68,,"Black_Album,binder",false,"","B","Instant",nm,"Деревенские Обряды","undefined"
m19,Core Set 2019,ru,33,"Remorseful Cleric",1,false,2716,https://cards.scryfall.io/normal/front/9/6/9620716d-9be8-4ebd-80d2-679373f4f897.jpg?1562303351,"Flying",Grzegorz Rutkowski,rare,0.20,3.67,,0.38,2.54,,"Black_Album,binder",false,"","W","Creature — Spirit Cleric",nm,"Раскаявшийся Священник","undefined"
clb,Commander Legends: Battle for Baldur's Gate,en,817,"Arasta of the Endless Web",1,false,988,https://cards.scryfall.io/normal/front/5/5/558b6db8-4a54-4d25-98e7-e27efc1cab38.jpg?1674142201,"Reach",Sam Rowan,rare,0.19,,,0.21,,,"Black_Album,binder",false,"nyxtouched,legendary","G","Legendary Enchantment Creature — Spider",nm,"Араста Бесконечной Паутины","undefined"
clb,Commander Legends: Battle for Baldur's Gate,en,818,"Battle Mammoth",1,false,4775,https://cards.scryfall.io/normal/front/d/f/df70dc42-a28c-41f3-8d3b-5a0375aab326.jpg?1674142210,"Trample,Foretell",Jesper Ejsing,mythic,0.21,,,0.21,,,"Black_Album,binder",false,"","G","Creature — Elephant",nm,"Боевой Мамонт","undefined"
clb,Commander Legends: Battle for Baldur's Gate,en,781,"Bonecrusher Giant // Stomp",1,false,3293,https://cards.scryfall.io/normal/front/b/5/b5b71cd2-de35-451f-b16e-2e3936169407.jpg?1674141884,"",Victor Adame Minguez,rare,0.62,,,0.75,,,"Black_Album,binder",false,"","R","Creature — Giant // Instant — Adventure",nm,"Гигант-Костекрушитель // Растоптать","undefined"
