set,set_name,lang,number,name,quantity,is_foil,edhrec_rank,image_url,keywords,artist,rarity,price_usd,price_usd_foil,price_usd_etched,price_eur,price_eur_foil,price_eur_etched,collection,is_list,frame,colors,types,condition,ru_name,promo_types,is_promo
mid,Innistrad: Midnight Hunt,ru,64,"Nebelgast Intruder",1,false,21883,https://cards.scryfall.io/normal/front/6/c/6c801346-0052-4f4b-a497-1567a34679fb.jpg?1634349062,"Flying,Flash",Volkan Baǵa,uncommon,0.01,0.03,,0.06,0.12,,"cards",false,"","U","Creature — Spirit",nm,"Нарушитель из Небельгаста","undefined",
mid,Innistrad: Midnight Hunt,ru,53,"Firmament Sage",1,false,17691,https://cards.scryfall.io/normal/front/9/d/9db186a1-3dc5-4ed2-8cd4-1e4f13094885.jpg?1634348872,"",Anastasia Ovchinnikova,uncommon,0.03,0.04,,0.05,0.07,,"cards",false,"","U","Creature — Human Wizard",nm,"Ведунья Небосвода","undefined",
mid,Innistrad: Midnight Hunt,ru,58,"Larder Zombie",1,false,14924,https://cards.scryfall.io/normal/front/a/7/a7c0dcac-f3d4-4d6e-9c6e-9295bb1cd47f.jpg?1665819571,"Surveil,Defender",E. M. Gist,common,0.02,0.09,,0.06,0.18,,"cards",false,"","U","Creature — Zombie",nm,"Зомби из Кладовой","undefined",
mid,Innistrad: Midnight Hunt,ru,114,"Morkrut Behemoth",1,false,15432,https://cards.scryfall.io/normal/front/3/1/318fe8a2-a68a-4c7e-9581-ae6800826164.jpg?1634350061,"Menace",Milivoj Ćeran,common,0.02,0.08,,0.04,0.10,,"cards",false,"","B","Creature — Zombie Giant",nm,"Моркрутское Чудище","undefined",
mid,Innistrad: Midnight Hunt,ru,88,"Blood Pact",1,false,3098,https://cards.scryfall.io/normal/front/6/0/607b1066-1ca0-45e1-a55c-30aed77cc8dc.jpg?1634349552,"",Sam White,common,0.10,0.17,,0.10,0.40,,"cards",false,"","B","Instant",nm,"Кровавый Сговор","undefined",
mid,Innistrad: Midnight Hunt,ru,117,"Novice Occultist",1,false,7961,https://cards.scryfall.io/normal/front/a/5/a541ac79-a969-42b4-b989-f6e37572ec90.jpg?1634350136,"",Zara Alfonso,common,0.04,0.10,,0.03,0.10,,"cards",false,"","B","Creature — Human Wizard",nm,"Начинающая Оккультистка","undefined",
mid,Innistrad: Midnight Hunt,ru,292,"Fangblade Brigand // Fangblade Eviscerator",1,false,11123,https://cards.scryfall.io/normal/front/3/5/35e17f53-021b-484b-9ede-524742fe8aae.jpg?1636412641,"Daybound,Nightbound",Sami Makkonen,uncommon,0.04,0.13,,0.11,0.18,,"cards",false,"showcase,sunmoondfc","R","Creature — Human Werewolf // Creature — Werewolf",nm,"undefined","boosterfun",
mid,Innistrad: Midnight Hunt,ru,239,"Sacred Fire",1,false,9354,https://cards.scryfall.io/normal/front/c/0/c0b1dcd7-6dd9-4134-bc6c-9dc7754006a2.jpg?1636684880,"Flashback",Svetlin Velinov,uncommon,0.08,0.21,,0.13,0.31,,"cards",false,"","R,W","Instant",nm,"Священный Огонь","undefined",
mid,Innistrad: Midnight Hunt,ru,136,"Falkenrath Perforator",1,false,14930,https://cards.scryfall.io/normal/front/c/4/c40998e0-d7d0-4d79-a40a-9a381debd2cb.jpg?1634350581,"",Marcela Medeiros,common,0.02,0.10,,0.13,0.06,,"cards",false,"","R","Creature — Vampire",nm,"Фалькенратская Пронзательница","undefined",
mid,Innistrad: Midnight Hunt,ru,138,"Famished Foragers",1,false,16020,https://cards.scryfall.io/normal/front/f/d/fdbe6937-ceda-4367-a101-562fd5e0e09d.jpg?1636222893,"",Lorenzo Mastroianni,common,0.02,0.08,,0.06,0.09,,"cards",false,"","R","Creature — Vampire",nm,"Изголодавшиеся Добытчики","undefined",
mid,Innistrad: Midnight Hunt,ru,287,"Candlegrove Witch",1,false,18515,https://cards.scryfall.io/normal/front/4/8/482c0eab-326b-41db-9be6-f98d15bbd0af.jpg?1636335797,"Coven",Brigitte Roka,common,0.02,0.04,,0.05,0.07,,"cards",false,"showcase","W","Creature — Human Warlock",nm,"Ведьма Свечной Рощи","boosterfun",
mid,Innistrad: Midnight Hunt,ru,160,"Spellrune Painter // Spellrune Howler",1,false,13860,https://cards.scryfall.io/normal/front/d/2/d2a5b43d-e21b-4294-9ea2-5bd0264e71d3.jpg?1636223615,"Daybound,Nightbound",Lucas Graciano,uncommon,0.01,0.12,,0.05,0.15,,"cards",false,"sunmoondfc","R","Creature — Human Shaman Werewolf // Creature — Werewolf",nm,"undefined","undefined",
mid,Innistrad: Midnight Hunt,ru,102,"Ghoulish Procession",1,false,3988,https://cards.scryfall.io/normal/front/3/6/363bd6a6-e8e4-4626-a43c-0b77339dd28b.jpg?1634349836,"",Vincent Proce,uncommon,0.19,0.31,,0.18,0.22,,"cards",false,"","B","Enchantment",nm,"Упыриная Процессия","undefined",
mid,Innistrad: Midnight Hunt,ru,302,"Hound Tamer // Untamed Pup",1,false,5816,https://cards.scryfall.io/normal/front/8/3/83218607-240e-4473-8b0b-6b4670b010e6.jpg?1636498890,"Daybound,Trample,Nightbound",Cabrol,uncommon,0.09,0.21,,0.11,0.18,,"cards",false,"showcase,sunmoondfc","G","Creature — Human Werewolf // Creature — Werewolf",nm,"undefined","boosterfun",
mid,Innistrad: Midnight Hunt,ru,55,"Galedrifter // Waildrifter",1,false,22976,https://cards.scryfall.io/normal/front/e/b/eb34c472-c6ff-4d83-ac8b-a8f279593f98.jpg?1634347399,"Flying,Transform,Disturb",Daniel Ljunggren,common,0.01,0.02,,0.04,0.04,,"cards",false,"sunmoondfc","U","Creature — Hippogriff // Creature — Hippogriff Spirit",nm,"undefined","undefined",
mid,Innistrad: Midnight Hunt,ru,70,"Phantom Carriage",1,false,19893,https://cards.scryfall.io/normal/front/1/9/1990ed41-3739-40f6-8797-359f88af05f9.jpg?1634349183,"Flying",Igor Kieryluk,uncommon,0.02,0.01,,0.03,0.11,,"cards",false,"","U","Creature — Spirit",nm,"Призрачный Экипаж","undefined",
mid,Innistrad: Midnight Hunt,ru,247,"Unnatural Moonrise",1,false,7483,https://cards.scryfall.io/normal/front/b/f/bfdd9df1-6a3b-4f03-8eca-00ed22c02566.jpg?1637114368,"Flashback",Ryan Pancoast,uncommon,0.13,0.25,,0.16,0.21,,"cards",false,"","G,R","Sorcery",nm,"Неестественный Восход Луны","undefined",
mid,Innistrad: Midnight Hunt,ru,87,"Bladebrand",1,false,7047,https://cards.scryfall.io/normal/front/6/4/64d4713d-321a-447f-a318-88b552ec5d0c.jpg?1634349528,"",Khurrum,common,0.02,0.04,,0.04,0.11,,"cards",false,"","B","Instant",nm,"Клеймящие Клинки","undefined",
mid,Innistrad: Midnight Hunt,ru,214,"Corpse Cobble",1,false,12322,https://cards.scryfall.io/normal/front/d/f/dfe4f48d-179a-47d7-aed6-9751dd2f7d8c.jpg?1636683863,"Flashback",Ravenna Tran,uncommon,0.04,0.12,,0.08,0.11,,"cards",false,"","B,U","Instant",nm,"Трупная Халтура","undefined",
mid,Innistrad: Midnight Hunt,ru,88,"Blood Pact",1,false,3098,https://cards.scryfall.io/normal/front/6/0/607b1066-1ca0-45e1-a55c-30aed77cc8dc.jpg?1634349552,"",Sam White,common,0.10,0.17,,0.10,0.40,,"cards",false,"","B","Instant",nm,"Кровавый Сговор","undefined",
mid,Innistrad: Midnight Hunt,ru,212,"Bladestitched Skaab",1,false,5111,https://cards.scryfall.io/normal/front/b/8/b8a73f77-aab5-47e3-bfc1-97f6374f40fc.jpg?1636683786,"",Dave Kendall,uncommon,0.16,0.40,,0.12,0.45,,"cards",false,"","B,U","Creature — Zombie Soldier",nm,"Скааб Лезвий","undefined",
mid,Innistrad: Midnight Hunt,ru,117,"Novice Occultist",1,false,7961,https://cards.scryfall.io/normal/front/a/5/a541ac79-a969-42b4-b989-f6e37572ec90.jpg?1634350136,"",Zara Alfonso,common,0.04,0.10,,0.03,0.10,,"cards",false,"","B","Creature — Human Wizard",nm,"Начинающая Оккультистка","undefined",
mid,Innistrad: Midnight Hunt,ru,190,"Outland Liberator // Frenzied Trapbreaker",1,false,2647,https://cards.scryfall.io/normal/front/6/0/60e53d61-fcc3-4def-8206-052b46f62deb.jpg?1636224528,"Daybound,Nightbound",Randy Vargas,uncommon,0.33,0.60,,0.36,0.95,,"cards",false,"sunmoondfc","G","Creature — Human Werewolf // Creature — Werewolf",nm,"undefined","undefined",
mid,Innistrad: Midnight Hunt,ru,106,"Hobbling Zombie",1,false,11848,https://cards.scryfall.io/normal/front/6/8/68284193-a38e-40d2-8d15-92d223756751.jpg?1634349884,"Deathtouch",Josh Hass,common,0.03,0.10,,0.06,0.16,,"cards",false,"","B","Creature — Zombie",nm,"Хромоногий Зомби","undefined",
mid,Innistrad: Midnight Hunt,ru,121,"Siege Zombie",1,false,13908,https://cards.scryfall.io/normal/front/d/9/d94b5270-840b-4905-815a-057029d7352f.jpg?1634350240,"",Johann Bodin,common,0.02,0.06,,0.10,0.05,,"cards",false,"","B","Creature — Zombie",nm,"Осадные Зомби","undefined",
mid,Innistrad: Midnight Hunt,ru,93,"Crawl from the Cellar",1,false,10545,https://cards.scryfall.io/normal/front/e/d/ed6c8942-d43e-4456-ac98-3220cb954c65.jpg?1634349655,"Flashback",Igor Krstic,common,0.05,0.12,,0.11,0.12,,"cards",false,"","B","Sorcery",nm,"Выползти из Подвала","undefined",
mid,Innistrad: Midnight Hunt,ru,119,"Rotten Reunion",1,false,9744,https://cards.scryfall.io/normal/front/9/7/97398ad2-675b-4a34-aab7-935dd6714f1c.jpg?1675567516,"Flashback",Aaron Miller,common,0.13,0.16,,0.13,0.34,,"cards",false,"","B","Instant",nm,"Гнилостное Воссоединение","undefined",
mid,Innistrad: Midnight Hunt,ru,49,"Dissipate",1,false,3764,https://cards.scryfall.io/normal/front/4/6/4689b3f2-e4b7-448e-b3d4-ab33194aafb2.jpg?1634348774,"",David Palumbo,uncommon,0.10,0.23,,0.12,0.15,,"cards",false,"","U","Instant",nm,"Развеивание","undefined",
mid,Innistrad: Midnight Hunt,ru,120,"Shady Traveler // Stalking Predator",1,false,21961,https://cards.scryfall.io/normal/front/5/5/55f0666a-5c3e-492b-b4ea-42fa7f24661b.jpg?1634348047,"Daybound,Menace,Nightbound",Lie Setiawan,common,0.02,0.10,,0.05,0.09,,"cards",false,"sunmoondfc","B","Creature — Human Werewolf // Creature — Werewolf",nm,"undefined","undefined",
mid,Innistrad: Midnight Hunt,ru,141,"Flame Channeler // Embodiment of Flame",1,false,14825,https://cards.scryfall.io/normal/front/b/e/be91fcba-4599-4ecb-824d-55112096c34a.jpg?1636223023,"Transform",Véronique Meignaud,uncommon,0.04,0.14,,0.06,0.13,,"cards",false,"sunmoondfc","R","Creature — Human Wizard // Creature — Elemental Wizard",nm,"undefined","undefined",
mid,Innistrad: Midnight Hunt,ru,51,"Fading Hope",1,false,5373,https://cards.scryfall.io/normal/front/c/2/c2fb1fff-12be-4bd5-8dba-c36e84d49651.jpg?1634348819,"Scry",Rovina Cai,uncommon,0.99,3.57,,1.12,2.53,,"cards",false,"","U","Instant",nm,"Угасающая Надежда","undefined",
mid,Innistrad: Midnight Hunt,ru,262,"Field of Ruin",1,false,522,https://cards.scryfall.io/normal/front/d/5/d510eece-4f55-4198-83fe-5291a76ffdcc.jpg?1637114800,"",Chris Ostrowski,uncommon,0.15,0.51,,0.17,0.85,,"cards",false,"","","Land",nm,"Гибельное Поле","undefined",
mid,Innistrad: Midnight Hunt,ru,182,"Defend the Celestus",1,false,14507,https://cards.scryfall.io/normal/front/c/1/c11e4420-06f3-48e2-91d1-a9199483add2.jpg?1636224253,"",Andrey Kuzinskiy,uncommon,0.02,0.07,,0.12,0.18,,"cards",false,"","G","Instant",nm,"Защитить Целестус","undefined",
mid,Innistrad: Midnight Hunt,ru,72,"Revenge of the Drowned",1,false,15252,https://cards.scryfall.io/normal/front/9/3/93be7d72-927a-40ce-8de4-04a3f21c134b.jpg?1634349205,"",Chris Cold,common,0.01,0.05,,0.04,0.04,,"cards",false,"","U","Instant",nm,"Месть Утопших","undefined",
mid,Innistrad: Midnight Hunt,ru,293,"Harvesttide Infiltrator // Harvesttide Assailant",1,false,12680,https://cards.scryfall.io/normal/front/2/8/28bc2848-b6fb-444d-b909-01c712696547.jpg?1636412696,"Daybound,Trample,Nightbound",Sami Makkonen,common,0.02,0.03,,0.04,0.08,,"cards",false,"showcase,sunmoondfc","R","Creature — Human Werewolf // Creature — Werewolf",nm,"undefined","boosterfun",
mid,Innistrad: Midnight Hunt,ru,42,"Baithook Angler // Hook-Haunt Drifter",1,false,20635,https://cards.scryfall.io/normal/front/3/6/36e71d16-0964-489d-bea2-9cec7991fc99.jpg?1634347296,"Flying,Transform,Disturb",Uriah Voth,common,0.02,0.01,,0.08,0.04,,"cards",false,"sunmoondfc","U","Creature — Human Peasant // Creature — Spirit",nm,"undefined","undefined",
mid,Innistrad: Midnight Hunt,ru,176,"Clear Shot",1,false,11379,https://cards.scryfall.io/normal/front/2/7/27476d9c-006d-4227-a5f2-49c7234b84a1.jpg?1636224065,"",Craig J Spearing,uncommon,0.02,0.10,,0.06,0.10,,"cards",false,"","G","Instant",nm,"Чистый Выстрел","undefined",
mid,Innistrad: Midnight Hunt,ru,191,"Path to the Festival",1,false,10764,https://cards.scryfall.io/normal/front/1/5/153f545d-bdbf-42c7-837a-a7076bbe5027.jpg?1636224556,"Flashback,Scry",Darek Zabrocki,common,0.01,0.06,,0.05,0.04,,"cards",false,"","G","Sorcery",nm,"Путь на Фестиваль","undefined",
mid,Innistrad: Midnight Hunt,ru,47,"Delver of Secrets // Insectile Aberration",1,false,12983,https://cards.scryfall.io/normal/front/a/b/abff6c81-65a4-48fa-ba8f-580f87b0344a.jpg?1634347351,"Flying,Transform",Matt Stewart,uncommon,0.30,0.45,,0.69,1.04,,"cards",false,"sunmoondfc","U","Creature — Human Wizard // Creature — Human Insect",nm,"undefined","undefined",
mid,Innistrad: Midnight Hunt,ru,42,"Baithook Angler // Hook-Haunt Drifter",1,false,20635,https://cards.scryfall.io/normal/front/3/6/36e71d16-0964-489d-bea2-9cec7991fc99.jpg?1634347296,"Flying,Transform,Disturb",Uriah Voth,common,0.02,0.01,,0.08,0.04,,"cards",false,"sunmoondfc","U","Creature — Human Peasant // Creature — Spirit",nm,"undefined","undefined",
mid,Innistrad: Midnight Hunt,ru,185,"Eccentric Farmer",1,false,11607,https://cards.scryfall.io/normal/front/b/5/b5339f6e-9ed7-4734-91c9-c2ed59ca1052.jpg?1636224326,"Mill",Tyler Walpole,common,0.01,0.06,,0.08,0.14,,"cards",false,"","G","Creature — Human Peasant",nm,"Эксцентричная Фермерша","undefined",
mid,Innistrad: Midnight Hunt,ru,116,"No Way Out",1,false,14140,https://cards.scryfall.io/normal/front/d/9/d9ef6a68-60a4-4a20-8b57-8b7a7c5ed0c6.jpg?1634350113,"",Sebastian Giacobino,common,0.03,0.04,,0.03,0.12,,"cards",false,"","B","Sorcery",nm,"Выхода Нет","undefined",
mid,Innistrad: Midnight Hunt,ru,195,"Return to Nature",1,false,335,https://cards.scryfall.io/normal/front/6/e/6e25c252-4177-4193-914c-b6933d9c0d7d.jpg?1636224670,"",Kim Sokol,common,0.15,0.22,,0.07,0.19,,"cards",false,"","G","Instant",nm,"Возвращение к Природе","undefined",
mid,Innistrad: Midnight Hunt,ru,221,"Faithful Mending",1,false,2392,https://cards.scryfall.io/normal/front/5/0/50752ca9-ea85-4c4b-9bf5-4f8759a7dcec.jpg?1636684159,"Flashback",Caroline Gariba,uncommon,0.52,0.72,,0.61,1.68,,"cards",false,"","U,W","Instant",nm,"Верное Исправление","undefined",
mid,Innistrad: Midnight Hunt,ru,261,"Evolving Wilds",1,false,15,https://cards.scryfall.io/normal/front/c/b/cb471f90-46f2-4037-87fc-f523fc9d004f.jpg?1637114771,"",Alayna Danner,common,0.06,0.14,,0.07,0.22,,"cards",false,"","","Land",nm,"Перерождающиеся Дебри","undefined",
mid,Innistrad: Midnight Hunt,ru,96,"Diregraf Horde",1,false,13026,https://cards.scryfall.io/normal/front/1/5/153be768-ddad-44f2-bcdd-c40353c807d7.jpg?1634349717,"",Alex Negrea,common,0.02,0.12,,0.11,0.07,,"cards",false,"","B","Creature — Zombie",nm,"Орда с Места Резни","undefined",
mid,Innistrad: Midnight Hunt,ru,66,"Organ Hoarder",1,false,16389,https://cards.scryfall.io/normal/front/9/7/9716d384-88d1-415e-882f-7fed9be1adc6.jpg?1634349110,"",Nicholas Gregory,common,0.02,0.04,,0.08,0.09,,"cards",false,"","U","Creature — Zombie",nm,"Стяжатель Органов","undefined",
mid,Innistrad: Midnight Hunt,ru,52,"Falcon Abomination",1,false,13723,https://cards.scryfall.io/normal/front/f/0/f0668413-859d-4ec4-a4d8-17ec7f5b1b8b.jpg?1634348844,"Flying",Brent Hollowell,common,0.02,0.05,,0.07,0.07,,"cards",false,"","U","Creature — Zombie Bird",nm,"Соколиная Мерзость","undefined",
mid,Innistrad: Midnight Hunt,ru,11,"Cathar's Call",1,false,7793,https://cards.scryfall.io/normal/front/1/0/10d044a9-0149-4302-86e5-90623e54e36b.jpg?1634346694,"Enchant",Matt Stewart,uncommon,0.08,0.18,,0.06,0.16,,"cards",false,"","W","Enchantment — Aura",nm,"Зов Катара","undefined",
mid,Innistrad: Midnight Hunt,ru,298,"Bird Admirer // Wing Shredder",1,false,10658,https://cards.scryfall.io/normal/front/7/2/7247d5ab-2897-4c89-a030-2947328a0c9e.jpg?1636428737,"Reach,Daybound,Nightbound",Joshua Alvarado,common,0.02,0.05,,0.12,0.13,,"cards",false,"showcase,sunmoondfc","G","Creature — Human Archer Werewolf // Creature — Werewolf",nm,"undefined","boosterfun",
mid,Innistrad: Midnight Hunt,ru,99,"Eaten Alive",1,false,3402,https://cards.scryfall.io/normal/front/e/7/e7975a3c-570a-4bff-a60d-d274f758b93f.jpg?1634349790,"",Nicholas Gregory,common,0.10,0.22,,0.10,0.21,,"cards",false,"","B","Sorcery",nm,"Съедение Заживо","undefined",
mid,Innistrad: Midnight Hunt,ru,254,"Jack-o'-Lantern",1,false,13703,https://cards.scryfall.io/normal/front/2/1/21b589ab-45a0-480a-a891-581c34f8a9bf.jpg?1637114561,"",Josu Hernaiz,common,0.03,0.08,,0.08,0.07,,"cards",false,"","","Artifact",nm,"Тыквенный Фонарь","undefined",
mid,Innistrad: Midnight Hunt,ru,305,"Tireless Hauler // Dire-Strain Brawler",1,false,12544,https://cards.scryfall.io/normal/front/5/5/552bb3a5-0c2c-4dc5-aee8-1048b04e69f9.jpg?1636510647,"Vigilance,Daybound,Nightbound",Steve Ellis,common,0.02,0.07,,0.06,0.12,,"cards",false,"showcase,sunmoondfc","G","Creature — Human Werewolf // Creature — Werewolf",nm,"undefined","boosterfun",
mid,Innistrad: Midnight Hunt,ru,308,"Dawnhart Wardens",1,false,13065,https://cards.scryfall.io/normal/front/5/4/54c410dc-123c-4431-9ccb-3f17e6555d68.jpg?1636510820,"Vigilance,Coven",Antonio Bravo,uncommon,0.02,0.07,,0.04,0.12,,"cards",false,"showcase","G,W","Creature — Human Warlock",nm,"Стражницы Донхарта","boosterfun",
mid,Innistrad: Midnight Hunt,ru,163,"Tavern Ruffian // Tavern Smasher",1,false,14059,https://cards.scryfall.io/normal/front/1/d/1d7b2d05-ce5c-4b73-8fa6-d9b69619d58c.jpg?1636682934,"Daybound,Nightbound",Zoltan Boros,common,0.02,0.03,,0.03,0.11,,"cards",false,"sunmoondfc","R","Creature — Human Warrior Werewolf // Creature — Werewolf",nm,"undefined","undefined",
mid,Innistrad: Midnight Hunt,ru,75,"Skaab Wrangler",1,false,19497,https://cards.scryfall.io/normal/front/9/7/9771d9e8-97d5-44af-8612-dc5c44d65ceb.jpg?1634349275,"",Billy Christian,uncommon,0.03,0.05,,0.07,0.28,,"cards",false,"","U","Creature — Human Wizard",nm,"Пастушка Скаабов","undefined",
mid,Innistrad: Midnight Hunt,ru,83,"Vivisection",1,false,14007,https://cards.scryfall.io/normal/front/9/1/91be6a06-9c36-45a3-a591-183cb5c0f800.jpg?1634349452,"",Aaron Miller,uncommon,0.03,0.05,,0.06,0.15,,"cards",false,"","U","Sorcery",nm,"Вивисекция","undefined",
mid,Innistrad: Midnight Hunt,ru,115,"Necrosynthesis",1,false,6225,https://cards.scryfall.io/normal/front/b/7/b75b89f1-e032-4d8c-b2b6-1b76e8644801.jpg?1634350085,"Enchant",Isis,uncommon,0.11,0.19,,0.10,0.17,,"cards",false,"","B","Enchantment — Aura",nm,"Некросинтез","undefined",
mid,Innistrad: Midnight Hunt,ru,106,"Hobbling Zombie",1,false,11848,https://cards.scryfall.io/normal/front/6/8/68284193-a38e-40d2-8d15-92d223756751.jpg?1634349884,"Deathtouch",Josh Hass,common,0.03,0.10,,0.06,0.16,,"cards",false,"","B","Creature — Zombie",nm,"Хромоногий Зомби","undefined",
mid,Innistrad: Midnight Hunt,ru,121,"Siege Zombie",1,false,13908,https://cards.scryfall.io/normal/front/d/9/d94b5270-840b-4905-815a-057029d7352f.jpg?1634350240,"",Johann Bodin,common,0.02,0.06,,0.10,0.05,,"cards",false,"","B","Creature — Zombie",nm,"Осадные Зомби","undefined",
mid,Innistrad: Midnight Hunt,ru,58,"Larder Zombie",1,false,14924,https://cards.scryfall.io/normal/front/a/7/a7c0dcac-f3d4-4d6e-9c6e-9295bb1cd47f.jpg?1665819571,"Surveil,Defender",E. M. Gist,common,0.02,0.09,,0.06,0.18,,"cards",false,"","U","Creature — Zombie",nm,"Зомби из Кладовой","undefined",
mid,Innistrad: Midnight Hunt,ru,114,"Morkrut Behemoth",1,false,15432,https://cards.scryfall.io/normal/front/3/1/318fe8a2-a68a-4c7e-9581-ae6800826164.jpg?1634350061,"Menace",Milivoj Ćeran,common,0.02,0.08,,0.04,0.10,,"cards",false,"","B","Creature — Zombie Giant",nm,"Моркрутское Чудище","undefined",
mid,Innistrad: Midnight Hunt,ru,301,"Dawnhart Rejuvenator",1,false,11823,https://cards.scryfall.io/normal/front/1/9/19b0e267-c361-4224-9b7a-2a3d1c5ac8b4.jpg?1636415446,"",Cabrol,common,0.07,0.06,,0.04,0.05,,"cards",false,"showcase","G","Creature — Human Warlock",nm,"Омолодительница Донхарта","boosterfun",
mid,Innistrad: Midnight Hunt,ru,295,"Spellrune Painter // Spellrune Howler",1,false,13860,https://cards.scryfall.io/normal/front/1/d/1d4d2aac-84ed-434e-921e-b724e3854cf2.jpg?1636412806,"Daybound,Nightbound",Michael Walsh,uncommon,0.03,0.12,,0.05,0.22,,"cards",false,"showcase,sunmoondfc","R","Creature — Human Shaman Werewolf // Creature — Werewolf",nm,"undefined","boosterfun",
mid,Innistrad: Midnight Hunt,ru,293,"Harvesttide Infiltrator // Harvesttide Assailant",1,false,12680,https://cards.scryfall.io/normal/front/2/8/28bc2848-b6fb-444d-b909-01c712696547.jpg?1636412696,"Daybound,Trample,Nightbound",Sami Makkonen,common,0.02,0.03,,0.04,0.08,,"cards",false,"showcase,sunmoondfc","R","Creature — Human Werewolf // Creature — Werewolf",nm,"undefined","boosterfun",
mid,Innistrad: Midnight Hunt,ru,299,"Burly Breaker // Dire-Strain Demolisher",1,false,10490,https://cards.scryfall.io/normal/front/1/b/1b50c98e-6c3b-4129-ae93-10c0bf9270fc.jpg?1636416272,"Daybound,Ward,Nightbound",Sami Makkonen,uncommon,0.03,0.13,,0.06,0.16,,"cards",false,"showcase,sunmoondfc","G","Creature — Human Werewolf // Creature — Werewolf",nm,"undefined","boosterfun",
mid,Innistrad: Midnight Hunt,ru,251,"Winterthorn Blessing",1,false,16270,https://cards.scryfall.io/normal/front/f/1/f1e9edd3-151d-4bf6-b491-03db9db32234.jpg?1637114483,"Flashback",Yeong-Hao Han,uncommon,0.03,0.06,,0.04,0.18,,"cards",false,"","G,U","Sorcery",nm,"Зимородное Благословение","undefined",
mid,Innistrad: Midnight Hunt,ru,238,"Rootcoil Creeper",1,false,8102,https://cards.scryfall.io/normal/front/3/7/3743cf9c-226f-43a3-b385-375a25414792.jpg?1636684840,"",Iris Compiet,uncommon,0.09,0.26,,0.07,0.30,,"cards",false,"","G,U","Creature — Plant Horror",nm,"Плетеный из Корней Ползун","undefined",
mid,Innistrad: Midnight Hunt,ru,87,"Bladebrand",1,false,7047,https://cards.scryfall.io/normal/front/6/4/64d4713d-321a-447f-a318-88b552ec5d0c.jpg?1634349528,"",Khurrum,common,0.02,0.04,,0.04,0.11,,"cards",false,"","B","Instant",nm,"Клеймящие Клинки","undefined",
mid,Innistrad: Midnight Hunt,ru,143,"Harvesttide Infiltrator // Harvesttide Assailant",1,false,12680,https://cards.scryfall.io/normal/front/3/5/35fdb976-291c-4824-9518-dd8c9f93fcde.jpg?1644879429,"Daybound,Trample,Nightbound",Mathias Kollros,common,0.02,0.07,,0.03,0.08,,"cards",false,"sunmoondfc","R","Creature — Human Werewolf // Creature — Werewolf",nm,"undefined","undefined",
mid,Innistrad: Midnight Hunt,ru,31,"Ritual of Hope",1,false,19045,https://cards.scryfall.io/normal/front/d/8/d8293903-4604-4516-866e-27a306b6fd7c.jpg?1634348383,"Coven",Craig J Spearing,uncommon,0.01,0.02,,0.06,0.06,,"cards",false,"","W","Instant",nm,"Ритуал Надежды","undefined",
mid,Innistrad: Midnight Hunt,ru,73,"Secrets of the Key",1,false,9176,https://cards.scryfall.io/normal/front/9/b/9b022ba8-07b6-4993-99c8-89c6dcb19e60.jpg?1634349228,"Investigate,Flashback",Alix Branwyn,common,0.03,0.15,,0.10,0.13,,"cards",false,"","U","Instant",nm,"Секреты Ключа","undefined",
mid,Innistrad: Midnight Hunt,ru,44,"Consider",1,false,554,https://cards.scryfall.io/normal/front/a/2/a211d505-4d40-4914-a9da-220770d6ddbc.jpg?1665819309,"Surveil",Zezhou Chen,common,0.61,1.15,,0.74,1.59,,"cards",false,"","U","Instant",nm,"Рассмотрение","undefined",
mid,Innistrad: Midnight Hunt,ru,54,"Flip the Switch",1,false,9406,https://cards.scryfall.io/normal/front/5/c/5cdbe4e3-f030-46fa-ae84-edf261b61706.jpg?1634348893,"",Campbell White,common,0.02,0.09,,0.02,0.09,,"cards",false,"","U","Instant",nm,"Щелчок Переключателя","undefined",
mid,Innistrad: Midnight Hunt,ru,229,"Join the Dance",1,false,8162,https://cards.scryfall.io/normal/front/5/6/56b30a99-601b-40b9-b012-30fa4be5fd3c.jpg?1636684458,"Flashback",Raoul Vitale,uncommon,0.09,0.13,,0.12,0.14,,"cards",false,"","G,W","Sorcery",nm,"Айда Плясать","undefined",
mid,Innistrad: Midnight Hunt,ru,305,"Tireless Hauler // Dire-Strain Brawler",1,false,12544,https://cards.scryfall.io/normal/front/5/5/552bb3a5-0c2c-4dc5-aee8-1048b04e69f9.jpg?1636510647,"Vigilance,Daybound,Nightbound",Steve Ellis,common,0.02,0.07,,0.06,0.12,,"cards",false,"showcase,sunmoondfc","G","Creature — Human Werewolf // Creature — Werewolf",nm,"undefined","boosterfun",
mid,Innistrad: Midnight Hunt,ru,293,"Harvesttide Infiltrator // Harvesttide Assailant",1,false,12680,https://cards.scryfall.io/normal/front/2/8/28bc2848-b6fb-444d-b909-01c712696547.jpg?1636412696,"Daybound,Trample,Nightbound",Sami Makkonen,common,0.02,0.03,,0.04,0.08,,"cards",false,"showcase,sunmoondfc","R","Creature — Human Werewolf // Creature — Werewolf",nm,"undefined","boosterfun",
mid,Innistrad: Midnight Hunt,ru,74,"Shipwreck Sifters",1,false,19970,https://cards.scryfall.io/normal/front/8/f/8f295833-a83e-4b18-8007-c7f5d78e5624.jpg?1634349252,"",Svetlin Velinov,common,0.03,0.02,,0.02,0.04,,"cards",false,"","U","Creature — Spirit",nm,"Просеиватели Кораблекрушений","undefined",
mid,Innistrad: Midnight Hunt,ru,79,"Stormrider Spirit",1,false,21761,https://cards.scryfall.io/normal/front/8/1/81a95edb-9f5b-4e42-8b27-0b3d978dcefe.jpg?1675567504,"Flying,Flash",Lake Hurwitz,common,0.02,0.01,,0.03,0.08,,"cards",false,"","U","Creature — Spirit",nm,"Дух Всадника Бури","undefined",
mid,Innistrad: Midnight Hunt,ru,179,"Dawnhart Mentor",1,false,15557,https://cards.scryfall.io/normal/front/2/3/234a09dd-a202-4487-899f-348744143ba5.jpg?1636224143,"Coven",Fariba Khamseh,uncommon,0.01,0.10,,0.02,0.09,,"cards",false,"","G","Creature — Human Warlock",nm,"Наставница Донхарта","undefined",
mid,Innistrad: Midnight Hunt,ru,100,"Ecstatic Awakener // Awoken Demon",1,false,14664,https://cards.scryfall.io/normal/front/b/b/bbdad18e-e262-41f9-b252-1cbdcdd1b5f9.jpg?1646412434,"Transform",Tuan Duong Chu,common,0.01,0.06,,0.08,0.15,,"cards",false,"sunmoondfc","B","Creature — Human Wizard // Creature — Demon",nm,"undefined","undefined",
mid,Innistrad: Midnight Hunt,ru,297,"Village Watch // Village Reavers",1,false,6862,https://cards.scryfall.io/normal/front/a/6/a622635e-482d-4621-8874-3945af74e9ca.jpg?1636414278,"Daybound,Haste,Nightbound",Andrea De Dominicis,uncommon,0.04,0.14,,0.10,0.21,,"cards",false,"showcase,sunmoondfc","R","Creature — Human Werewolf // Creature — Werewolf",nm,"undefined","boosterfun",
mid,Innistrad: Midnight Hunt,ru,178,"Contortionist Troupe",1,false,11452,https://cards.scryfall.io/normal/front/c/8/c81da535-04e4-4dc8-9e12-7b417aba2f39.jpg?1636224116,"Coven",Jesper Ejsing,uncommon,0.05,0.10,,0.08,0.15,,"cards",false,"","G","Creature — Human",nm,"Труппа Акробатов","undefined",
mid,Innistrad: Midnight Hunt,ru,193,"Plummet",1,false,9416,https://cards.scryfall.io/normal/front/5/4/5469e696-bbf1-43e3-9c25-fe089b36caed.jpg?1636224615,"",Nicholas Gregory,common,0.03,0.01,,0.02,0.05,,"cards",false,"","G","Instant",nm,"Стремительное Падение","undefined",
mid,Innistrad: Midnight Hunt,ru,187,"Hound Tamer // Untamed Pup",1,false,5816,https://cards.scryfall.io/normal/front/2/8/28e2119b-ed78-4b98-a956-f2b453d0b164.jpg?1636224412,"Daybound,Trample,Nightbound",Randy Vargas,uncommon,0.16,0.23,,0.19,0.21,,"cards",false,"sunmoondfc","G","Creature — Human Werewolf // Creature — Werewolf",nm,"undefined","undefined",
mid,Innistrad: Midnight Hunt,ru,299,"Burly Breaker // Dire-Strain Demolisher",1,false,10490,https://cards.scryfall.io/normal/front/1/b/1b50c98e-6c3b-4129-ae93-10c0bf9270fc.jpg?1636416272,"Daybound,Ward,Nightbound",Sami Makkonen,uncommon,0.03,0.13,,0.06,0.16,,"cards",false,"showcase,sunmoondfc","G","Creature — Human Werewolf // Creature — Werewolf",nm,"undefined","boosterfun",
mid,Innistrad: Midnight Hunt,ru,305,"Tireless Hauler // Dire-Strain Brawler",1,false,12544,https://cards.scryfall.io/normal/front/5/5/552bb3a5-0c2c-4dc5-aee8-1048b04e69f9.jpg?1636510647,"Vigilance,Daybound,Nightbound",Steve Ellis,common,0.02,0.07,,0.06,0.12,,"cards",false,"showcase,sunmoondfc","G","Creature — Human Werewolf // Creature — Werewolf",nm,"undefined","boosterfun",
mid,Innistrad: Midnight Hunt,ru,105,"Heirloom Mirror // Inherited Fiend",1,false,14049,https://cards.scryfall.io/normal/front/e/6/e6dd05f0-a3c0-4bd6-a1d1-a74540623093.jpg?1634347950,"Flying,Transform,Mill",Josh Hass,uncommon,0.06,0.12,,0.11,0.11,,"cards",false,"sunmoondfc","B","Artifact // Creature — Demon",nm,"undefined","undefined",
mid,Innistrad: Midnight Hunt,ru,126,"Vengeful Strangler // Strangling Grasp",1,false,12401,https://cards.scryfall.io/normal/front/d/4/d4054ae6-0227-4d99-8cb5-72e8b5d0b726.jpg?1634348001,"Transform,Enchant",Sean Sevestre,uncommon,0.09,0.20,,0.10,0.18,,"cards",false,"sunmoondfc","B","Creature — Human Rogue // Enchantment — Aura",nm,"undefined","undefined",
mid,Innistrad: Midnight Hunt,ru,249,"Vampire Socialite",1,false,3683,https://cards.scryfall.io/normal/front/f/0/f07cbf04-2864-4407-800e-4d55c10d3426.jpg?1637114433,"Menace",Suzanne Helmigh,uncommon,0.17,0.42,,0.19,0.77,,"cards",false,"","B,R","Creature — Vampire Noble",nm,"Вампирша, Светская Львица","undefined",
mid,Innistrad: Midnight Hunt,ru,40,"Unruly Mob",1,false,12860,https://cards.scryfall.io/normal/front/5/f/5f48622a-abf3-407f-921f-77c29d59ba8e.jpg?1634348625,"",Ryan Pancoast,common,0.01,0.02,,0.05,0.07,,"cards",false,"","W","Creature — Human",nm,"Неуправляемая Толпа","undefined",
mid,Innistrad: Midnight Hunt,ru,95,"Defenestrate",1,false,13405,https://cards.scryfall.io/normal/front/d/f/df3abdcc-83a8-45c3-9bfd-23f929705018.jpg?1634349688,"",Darek Zabrocki,common,0.01,0.04,,0.05,0.06,,"cards",false,"","B","Instant",nm,"Дефенестрация","undefined",
mid,Innistrad: Midnight Hunt,ru,156,"Raze the Effigy",1,false,6128,https://cards.scryfall.io/normal/front/e/0/e0dd378c-5050-48c9-9a16-6d91afa62d21.jpg?1636223415,"",Cristi Balanescu,common,0.07,0.14,,0.12,0.17,,"cards",false,"","R","Instant",nm,"Сожжение Чучела","undefined",
mid,Innistrad: Midnight Hunt,ru,132,"Burn the Accursed",1,false,15249,https://cards.scryfall.io/normal/front/f/f/ff4d4e6b-564d-46da-8e32-09ed08c8ddc5.jpg?1634350484,"",David Auden Nash,common,0.03,0.02,,0.06,0.08,,"cards",false,"","R","Instant",nm,"Сжечь Проклятых","undefined",
snc,Streets of New Capenna,en,28,"Revelation of Power",1,false,16221,https://cards.scryfall.io/normal/front/7/e/7e010b11-8f3e-4792-afe4-0a376650b6c4.jpg?1664409933,"",Eric Deschamps,common,0.02,0.04,,0.04,0.04,,"cards",false,"","W","Instant",nm,"Явление Могущества","undefined",
snc,Streets of New Capenna,en,58,"Run Out of Town",1,false,18437,https://cards.scryfall.io/normal/front/7/c/7cf00112-0844-49db-a061-d0eb488de68a.jpg?1664410525,"",Lucas Staniec,common,0.01,0.02,,0.03,0.06,,"cards",false,"","U","Instant",nm,"Побег из Города","undefined",
snc,Streets of New Capenna,en,241,"Ominous Parcel",1,false,14006,https://cards.scryfall.io/normal/front/e/1/e1691374-e9f2-4a8b-abdb-0bb1dbc96715.jpg?1664414265,"",Joe Slucher,common,0.01,0.04,,0.02,0.03,,"cards",false,"","","Artifact",nm,"Зловещая Посылка","undefined",
snc,Streets of New Capenna,en,78,"Extract the Truth",1,false,9996,https://cards.scryfall.io/normal/front/2/b/2bdb9df1-4475-45e7-bc9c-40937c8c1722.jpg?1664410922,"",Josu Hernaiz,common,0.09,0.22,,0.11,0.28,,"cards",false,"","B","Sorcery",nm,"Извлечение Истины","undefined",
snc,Streets of New Capenna,en,124,"Sticky Fingers",1,false,1592,https://cards.scryfall.io/normal/front/3/6/3678fa3d-d41f-4b7a-b25e-6fc5f78876c7.jpg?1664411828,"Treasure,Enchant",Mark Behm,common,0.18,0.72,,0.18,0.36,,"cards",false,"","R","Enchantment — Aura",nm,"Загребущие Пальцы","undefined",
snc,Streets of New Capenna,en,136,"Broken Wings",1,false,5137,https://cards.scryfall.io/normal/front/9/e/9eb94908-4f4a-487e-87ac-8d5bdefe9983.jpg?1664412065,"",Irina Nordsol,common,0.01,0.06,,0.02,0.09,,"cards",false,"","G","Instant",nm,"Сломанные Крылья","undefined",
snc,Streets of New Capenna,en,78,"Extract the Truth",1,false,9996,https://cards.scryfall.io/normal/front/2/b/2bdb9df1-4475-45e7-bc9c-40937c8c1722.jpg?1664410922,"",Josu Hernaiz,common,0.09,0.22,,0.11,0.28,,"cards",false,"","B","Sorcery",nm,"Извлечение Истины","undefined",
snc,Streets of New Capenna,en,91,"Revel Ruiner",1,false,17240,https://cards.scryfall.io/normal/front/e/3/e3fbe7f0-8a91-4832-8953-54ab3669372c.jpg?1664411193,"Menace,Connive",Christina Davis,common,0.01,0.01,,0.02,0.06,,"cards",false,"","B","Creature — Cephalid Rogue",nm,"Разрушительница Веселья","undefined",
snc,Streets of New Capenna,en,86,"Maestros Initiate",1,false,22933,https://cards.scryfall.io/normal/front/d/b/db94f2a9-53be-449e-8240-77f013cdd7e3.jpg?1664411091,"",Irina Nordsol,common,0.01,0.02,,0.02,0.05,,"cards",false,"","B","Creature — Human Citizen",nm,"Новичок Маэстро","undefined",
snc,Streets of New Capenna,en,239,"Halo Scarab",1,false,12492,https://cards.scryfall.io/normal/front/2/e/2eead159-b9a1-4c64-affe-c77b0a9e4775.jpg?1664414209,"Treasure",Khurrum,common,0.02,0.09,,0.04,0.07,,"cards",false,"","","Artifact Creature — Insect",nm,"Скарабей Гало","undefined",
snc,Streets of New Capenna,en,236,"Chrome Cat",1,false,16641,https://cards.scryfall.io/normal/front/8/5/85da50ba-2061-40f0-b3af-950b87f812cd.jpg?1664414129,"Scry",Joe Slucher,common,0.02,0.07,,0.03,0.04,,"cards",false,"","","Artifact Creature — Cat",nm,"Хромированная Кошка","undefined",
snc,Streets of New Capenna,en,104,"Daring Escape",1,false,14850,https://cards.scryfall.io/normal/front/3/d/3d09dbcd-188b-4b52-943e-947cbf2c0002.jpg?1664411442,"Scry",Ekaterina Burmak,common,0.02,0.03,,0.03,0.03,,"cards",false,"","R","Instant",nm,"Дерзкий Побег","undefined",
snc,Streets of New Capenna,en,77,"Dusk Mangler",1,false,7060,https://cards.scryfall.io/normal/front/b/8/b86825b2-5b03-4311-b7d9-f8131b17249d.jpg?1664410901,"",Antonio José Manzanedo,uncommon,0.06,0.11,,0.19,0.20,,"cards",false,"","B","Creature — Horror",nm,"Сумеречный Кромсатель","undefined",
snc,Streets of New Capenna,en,147,"Freelance Muscle",1,false,11230,https://cards.scryfall.io/normal/front/5/7/570f7c90-109b-4d6d-8205-d158753719e8.jpg?1664412273,"",Randy Vargas,uncommon,0.04,0.06,,0.05,0.14,,"cards",false,"","G","Creature — Rhino Warrior",nm,"Боец по Найму","undefined",
snc,Streets of New Capenna,en,132,"Wrecking Crew",1,false,18380,https://cards.scryfall.io/normal/front/9/2/92691507-b1ce-40d0-87e7-b79e81370511.jpg?1664411975,"Reach,Trample",Joshua Raphael,common,0.01,0.02,,0.08,0.05,,"cards",false,"","R","Creature — Human Warrior",nm,"Крушащая Команда","undefined",
snc,Streets of New Capenna,en,136,"Broken Wings",1,false,5137,https://cards.scryfall.io/normal/front/9/e/9eb94908-4f4a-487e-87ac-8d5bdefe9983.jpg?1664412065,"",Irina Nordsol,common,0.01,0.06,,0.02,0.09,,"cards",false,"","G","Instant",nm,"Сломанные Крылья","undefined",
snc,Streets of New Capenna,en,39,"Disdainful Stroke",1,false,1868,https://cards.scryfall.io/normal/front/4/9/492aa24c-61c4-48bc-b7b7-f423be2662da.jpg?1664410153,"",Irina Nordsol,common,0.03,0.16,,0.04,0.21,,"cards",false,"","U","Instant",nm,"Презрительный Удар","undefined",
snc,Streets of New Capenna,en,194,"Jetmir's Fixer",1,false,17085,https://cards.scryfall.io/normal/front/3/e/3e5aa701-28e8-47fa-8c26-4da2f943f582.jpg?1664413175,"",John Thacker,common,0.05,0.05,,0.02,0.08,,"cards",false,"","G,R","Creature — Cat Warrior",nm,"Посредница Джетмира","undefined",
snc,Streets of New Capenna,en,151,"Jewel Thief",1,false,7345,https://cards.scryfall.io/normal/front/7/3/736e498e-1245-40c1-96a4-c9bcfd1cfe1f.jpg?1664412359,"Vigilance,Treasure,Trample",Joe Slucher,common,0.09,0.23,,0.12,0.38,,"cards",false,"","G","Creature — Cat Rogue",nm,"Воровка Драгоценностей","undefined",
snc,Streets of New Capenna,en,217,"Riveteers Charm",1,false,3597,https://cards.scryfall.io/normal/front/7/8/784a5915-bc42-49d6-8a1b-45da7749f03a.jpg?1664413664,"",Steve Argyle,uncommon,0.06,0.09,,0.11,0.43,,"cards",false,"","B,G,R","Instant",nm,"Талисман Клепальщиков","undefined",
snc,Streets of New Capenna,en,85,"Join the Maestros",1,false,17947,https://cards.scryfall.io/normal/front/f/f/ff2665f7-6cf8-4f9b-810e-17e264753225.jpg?1664411069,"Casualty",Josh Hass,common,0.03,0.01,,0.03,0.05,,"cards",false,"","B","Sorcery",nm,"Присоединиться к Маэстро","undefined",
snc,Streets of New Capenna,en,79,"Fake Your Own Death",1,false,3676,https://cards.scryfall.io/normal/front/b/4/b4e117a8-3291-4f9a-ab00-c820c8e2aa00.jpg?1664410943,"Treasure",Kari Christensen,common,0.10,0.18,,0.10,0.17,,"cards",false,"","B","Instant",nm,"Инсценировка Смерти","undefined",
snc,Streets of New Capenna,en,132,"Wrecking Crew",1,false,18380,https://cards.scryfall.io/normal/front/9/2/92691507-b1ce-40d0-87e7-b79e81370511.jpg?1664411975,"Reach,Trample",Joshua Raphael,common,0.01,0.02,,0.08,0.05,,"cards",false,"","R","Creature — Human Warrior",nm,"Крушащая Команда","undefined",
snc,Streets of New Capenna,en,96,"Tavern Swindler",1,false,9884,https://cards.scryfall.io/normal/front/b/1/b17114ed-f98f-4b82-ba03-ef7ec5f572ba.jpg?1664411290,"",Pauline Voss,uncommon,0.03,0.05,,0.05,0.09,,"cards",false,"","B","Creature — Human Rogue",nm,"Кабацкая Мошенница","undefined",
snc,Streets of New Capenna,en,119,"Ready to Rumble",1,false,17787,https://cards.scryfall.io/normal/front/1/6/16998689-345d-41e3-a368-e97b696ed689.jpg?1664411735,"",Josu Hernaiz,common,0.02,0.02,,0.02,0.05,,"cards",false,"","R","Sorcery",nm,"Готовы к Драке","undefined",
snc,Streets of New Capenna,en,103,"Call In a Professional",1,false,11884,https://cards.scryfall.io/normal/front/e/a/ead68c0a-eed1-4a9c-a790-56f8a79b444c.jpg?1664411424,"",Filip Burburan,uncommon,0.04,0.12,,0.08,0.20,,"cards",false,"","R","Instant",nm,"Позвать Профессионала","undefined",
snc,Streets of New Capenna,en,88,"Murder",1,false,970,https://cards.scryfall.io/normal/front/1/c/1c13ac76-7cd9-456f-9b89-92bfa07c64c5.jpg?1664411132,"",Yongjae Choi,common,0.06,0.13,,0.04,0.11,,"cards",false,"","B","Instant",nm,"Убийство","undefined",
snc,Streets of New Capenna,en,255,"Riveteers Overlook",1,false,841,https://cards.scryfall.io/normal/front/1/d/1d161f81-c01a-4c91-b025-52dcb1881638.jpg?1664414539,"",Lucas Staniec,common,0.37,0.35,,0.27,0.27,,"cards",false,"","","Land",nm,"Помост Клепальщиков","undefined",
snc,Streets of New Capenna,en,102,"Big Score",1,false,286,https://cards.scryfall.io/normal/front/3/9/39d1578f-e2cf-4b93-8204-ed5434feb183.jpg?1664411405,"Treasure",Gaboleps,common,1.35,1.41,,1.60,2.14,,"cards",false,"","R","Instant",nm,"Большой Куш","undefined",
snc,Streets of New Capenna,en,238,"Gilded Pinions",1,false,7455,https://cards.scryfall.io/normal/front/d/c/dca8554a-f74c-4d2d-95b6-ef6e74431d7c.jpg?1664414186,"Treasure,Equip",Irina Nordsol,common,0.04,0.09,,0.09,0.16,,"cards",false,"","","Artifact — Equipment",nm,"Позолоченные Крылья","undefined",
snc,Streets of New Capenna,en,194,"Jetmir's Fixer",1,false,17085,https://cards.scryfall.io/normal/front/3/e/3e5aa701-28e8-47fa-8c26-4da2f943f582.jpg?1664413175,"",John Thacker,common,0.05,0.05,,0.02,0.08,,"cards",false,"","G,R","Creature — Cat Warrior",nm,"Посредница Джетмира","undefined",
snc,Streets of New Capenna,en,133,"Attended Socialite",1,false,17845,https://cards.scryfall.io/normal/front/8/b/8bccccf9-3ee5-4485-ae01-4dcbad989d18.jpg?1664411995,"Alliance",Drew Baker,common,0.01,0.03,,0.05,0.05,,"cards",false,"","G","Creature — Elf Druid",nm,"Дама с Сопровождением","undefined",
snc,Streets of New Capenna,en,220,"Security Rhox",1,false,16251,https://cards.scryfall.io/normal/front/0/0/0050dd40-9a18-41e4-97e6-fce5bf220ccf.jpg?1664413725,"",Lie Setiawan,uncommon,0.02,0.06,,0.05,0.09,,"cards",false,"","G,R","Creature — Rhino Warrior",nm,"Рокс-Охранник","undefined",
mid,Innistrad: Midnight Hunt,ru,36,"Sungold Barrage",1,false,16743,https://cards.scryfall.io/normal/front/e/e/ee507688-9890-47c4-bb04-43c51eb48e22.jpg?1634348527,"",Leanna Crossan,common,0.01,0.03,,0.04,0.05,,"cards",false,"","W","Instant",nm,"Залп Солнечного Золота","undefined",
mid,Innistrad: Midnight Hunt,ru,166,"Voldaren Ambusher",1,false,15500,https://cards.scryfall.io/normal/front/c/c/cceb4303-5d02-45f2-86f8-7e8deb774d58.jpg?1636223780,"",Evyn Fong,uncommon,0.03,0.16,,0.10,0.13,,"cards",false,"","R","Creature — Vampire Archer",nm,"Волдаренский Мастер Засад","undefined",
mid,Innistrad: Midnight Hunt,ru,258,"Silver Bolt",1,false,21751,https://cards.scryfall.io/normal/front/e/b/eb2c05a8-db56-4397-9b6c-5accb2d3f81f.jpg?1637114684,"",Anna Fehr,common,0.02,0.03,,0.06,0.04,,"cards",false,"","","Artifact",nm,"Серебряный Болт","undefined",
mid,Innistrad: Midnight Hunt,ru,10,"Cathar Commando",1,false,894,https://cards.scryfall.io/normal/front/9/8/98cbc1c2-b76e-4da3-aa43-00e10b2ce532.jpg?1634346664,"Flash",Evyn Fong,common,0.34,1.93,,0.23,0.94,,"cards",false,"","W","Creature — Human Soldier",nm,"Катар-Коммандос","undefined",
mid,Innistrad: Midnight Hunt,ru,21,"Gavony Silversmith",1,false,17242,https://cards.scryfall.io/normal/front/2/c/2c53b007-96aa-4db6-8c3e-529d1e845b19.jpg?1634348173,"",Volkan Baǵa,common,0.02,0.08,,0.07,0.07,,"cards",false,"","W","Creature — Human Soldier",nm,"Гевонский Среброкователь","undefined",
mid,Innistrad: Midnight Hunt,ru,127,"Abandon the Post",1,false,13979,https://cards.scryfall.io/normal/front/9/8/983da138-f0f5-46c4-90c2-d3c34cc37d1f.jpg?1634350355,"Flashback",Zoltan Boros,common,0.02,0.01,,0.04,0.06,,"cards",false,"","R","Sorcery",nm,"Покинуть Пост","undefined",
mid,Innistrad: Midnight Hunt,ru,123,"Stromkirk Bloodthief",1,false,12758,https://cards.scryfall.io/normal/front/f/a/fa819123-bf13-44ea-9a6e-06c8ab023e44.jpg?1634350285,"",Caroline Gariba,uncommon,0.08,0.22,,0.09,0.20,,"cards",false,"","B","Creature — Vampire Rogue",nm,"Стромкиркская Кровавая Воровка","undefined",
mid,Innistrad: Midnight Hunt,ru,163,"Tavern Ruffian // Tavern Smasher",1,false,14059,https://cards.scryfall.io/normal/front/1/d/1d7b2d05-ce5c-4b73-8fa6-d9b69619d58c.jpg?1636682934,"Daybound,Nightbound",Zoltan Boros,common,0.02,0.03,,0.03,0.11,,"cards",false,"sunmoondfc","R","Creature — Human Warrior Werewolf // Creature — Werewolf",nm,"undefined","undefined",
mid,Innistrad: Midnight Hunt,ru,174,"Burly Breaker // Dire-Strain Demolisher",1,false,10490,https://cards.scryfall.io/normal/front/3/8/3849ad37-f80d-4ffc-9240-25a63326b3dd.jpg?1636224015,"Daybound,Ward,Nightbound",Justine Cruz,uncommon,0.06,0.14,,0.17,0.23,,"cards",false,"sunmoondfc","G","Creature — Human Werewolf // Creature — Werewolf",nm,"undefined","undefined",
mid,Innistrad: Midnight Hunt,ru,305,"Tireless Hauler // Dire-Strain Brawler",1,false,12544,https://cards.scryfall.io/normal/front/5/5/552bb3a5-0c2c-4dc5-aee8-1048b04e69f9.jpg?1636510647,"Vigilance,Daybound,Nightbound",Steve Ellis,common,0.02,0.07,,0.06,0.12,,"cards",false,"showcase,sunmoondfc","G","Creature — Human Werewolf // Creature — Werewolf",nm,"undefined","boosterfun",
mid,Innistrad: Midnight Hunt,ru,293,"Harvesttide Infiltrator // Harvesttide Assailant",1,false,12680,https://cards.scryfall.io/normal/front/2/8/28bc2848-b6fb-444d-b909-01c712696547.jpg?1636412696,"Daybound,Trample,Nightbound",Sami Makkonen,common,0.02,0.03,,0.04,0.08,,"cards",false,"showcase,sunmoondfc","R","Creature — Human Werewolf // Creature — Werewolf",nm,"undefined","boosterfun",
mid,Innistrad: Midnight Hunt,ru,92,"Covert Cutpurse // Covetous Geist",1,false,19851,https://cards.scryfall.io/normal/front/5/d/5db99746-8aee-42b8-acb0-ed69933d0ff8.jpg?1634347752,"Deathtouch,Flying,Transform,Disturb",John Stanko,uncommon,0.02,0.11,,0.09,0.10,,"cards",false,"sunmoondfc","B","Creature — Human Rogue // Creature — Spirit Rogue",nm,"undefined","undefined",
mid,Innistrad: Midnight Hunt,ru,155,"Purifying Dragon",1,false,17130,https://cards.scryfall.io/normal/front/f/9/f9db384e-9555-4ccc-a305-ee448252e685.jpg?1636223382,"Flying",Zezhou Chen,uncommon,0.05,0.10,,0.07,0.14,,"cards",false,"","R","Creature — Dragon",nm,"Очищающий Дракон","undefined",
mid,Innistrad: Midnight Hunt,ru,167,"Voldaren Stinger",1,false,14841,https://cards.scryfall.io/normal/front/f/2/f27a7c78-3a64-42fc-8808-15b1f41976a1.jpg?1636223805,"",Martina Fačková,common,0.03,0.06,,0.04,0.15,,"cards",false,"","R","Creature — Vampire Warrior",nm,"Волдаренская Уязвительница","undefined",
mid,Innistrad: Midnight Hunt,ru,173,"Brood Weaver",1,false,8218,https://cards.scryfall.io/normal/front/e/2/e24e2f49-70f9-445f-af03-2ef43798004a.jpg?1636223973,"Reach",Slawomir Maniak,uncommon,0.12,0.19,,0.12,0.17,,"cards",false,"","G","Creature — Spider",nm,"Плетельщик Выводка","undefined",
mid,Innistrad: Midnight Hunt,ru,205,"Turn the Earth",1,false,7640,https://cards.scryfall.io/normal/front/3/4/34076a93-9e8f-45d4-a1d7-31f40210a5b6.jpg?1636224971,"Flashback",Alayna Danner,uncommon,0.09,0.28,,0.13,0.36,,"cards",false,"","G","Instant",nm,"Вскопать Землю","undefined",
mid,Innistrad: Midnight Hunt,ru,144,"Immolation",1,false,16285,https://cards.scryfall.io/normal/front/6/0/606b1148-4aa6-4d78-bedd-e31573282921.jpg?1636223098,"Enchant",Olena Richards,common,0.02,0.03,,0.06,0.04,,"cards",false,"","R","Enchantment — Aura",nm,"Всесожжение","undefined",
mid,Innistrad: Midnight Hunt,ru,130,"Brimstone Vandal",1,false,15682,https://cards.scryfall.io/normal/front/1/0/10addf9a-daca-4b84-a9d3-f98f7b955af9.jpg?1634350435,"Menace",Andreas Zafiratos,common,0.04,0.03,,0.18,0.09,,"cards",false,"","R","Creature — Devil",nm,"Серный Вандал","undefined",
mid,Innistrad: Midnight Hunt,ru,140,"Festival Crasher",1,false,16368,https://cards.scryfall.io/normal/front/6/2/626b0477-6165-443a-8a75-dfeac26ac9f9.jpg?1636222973,"",Milivoj Ćeran,common,0.05,0.09,,0.10,0.17,,"cards",false,"","R","Creature — Devil",nm,"Незваный Гость Фестиваля","undefined",
mid,Innistrad: Midnight Hunt,ru,133,"Cathartic Pyre",1,false,2418,https://cards.scryfall.io/normal/front/b/0/b045c28a-39f9-4cd9-8f3a-a626b697f409.jpg?1675567527,"",Ryan Yee,uncommon,0.26,0.45,,0.24,0.54,,"cards",false,"","R","Instant",nm,"Очистительный Костер","undefined",
mid,Innistrad: Midnight Hunt,ru,164,"Thermo-Alchemist",1,false,1120,https://cards.scryfall.io/normal/front/b/4/b4c68bad-c7ee-4dbc-ad06-8c4d9446884e.jpg?1636223711,"Defender",Raymond Swanland,uncommon,0.27,0.35,,0.16,0.41,,"cards",false,"","R","Creature — Human Shaman",nm,"Термоалхимик","undefined",
mid,Innistrad: Midnight Hunt,ru,308,"Dawnhart Wardens",1,false,13065,https://cards.scryfall.io/normal/front/5/4/54c410dc-123c-4431-9ccb-3f17e6555d68.jpg?1636510820,"Vigilance,Coven",Antonio Bravo,uncommon,0.02,0.07,,0.04,0.12,,"cards",false,"showcase","G,W","Creature — Human Warlock",nm,"Стражницы Донхарта","boosterfun",
mid,Innistrad: Midnight Hunt,ru,99,"Eaten Alive",1,false,3402,https://cards.scryfall.io/normal/front/e/7/e7975a3c-570a-4bff-a60d-d274f758b93f.jpg?1634349790,"",Nicholas Gregory,common,0.10,0.22,,0.10,0.21,,"cards",false,"","B","Sorcery",nm,"Съедение Заживо","undefined",
mid,Innistrad: Midnight Hunt,ru,42,"Baithook Angler // Hook-Haunt Drifter",1,false,20635,https://cards.scryfall.io/normal/front/3/6/36e71d16-0964-489d-bea2-9cec7991fc99.jpg?1634347296,"Flying,Transform,Disturb",Uriah Voth,common,0.02,0.01,,0.08,0.04,,"cards",false,"sunmoondfc","U","Creature — Human Peasant // Creature — Spirit",nm,"undefined","undefined",
mid,Innistrad: Midnight Hunt,ru,93,"Crawl from the Cellar",1,false,10545,https://cards.scryfall.io/normal/front/e/d/ed6c8942-d43e-4456-ac98-3220cb954c65.jpg?1634349655,"Flashback",Igor Krstic,common,0.05,0.12,,0.11,0.12,,"cards",false,"","B","Sorcery",nm,"Выползти из Подвала","undefined",
mid,Innistrad: Midnight Hunt,ru,296,"Tavern Ruffian // Tavern Smasher",1,false,14059,https://cards.scryfall.io/normal/front/8/c/8ca358b8-dee7-462d-aee1-f2e271d38370.jpg?1636415483,"Daybound,Nightbound",Michael Walsh,common,0.02,0.05,,0.04,0.09,,"cards",false,"showcase,sunmoondfc","R","Creature — Human Warrior Werewolf // Creature — Werewolf",nm,"undefined","boosterfun",
mid,Innistrad: Midnight Hunt,ru,119,"Rotten Reunion",1,false,9744,https://cards.scryfall.io/normal/front/9/7/97398ad2-675b-4a34-aab7-935dd6714f1c.jpg?1675567516,"Flashback",Aaron Miller,common,0.13,0.16,,0.13,0.34,,"cards",false,"","B","Instant",nm,"Гнилостное Воссоединение","undefined",
mid,Innistrad: Midnight Hunt,ru,169,"Bird Admirer // Wing Shredder",1,false,10658,https://cards.scryfall.io/normal/front/7/1/71ccc444-54c8-4f7c-a425-82bc3eea1eb0.jpg?1664081363,"Reach,Daybound,Nightbound",Slawomir Maniak,common,0.02,0.09,,0.09,0.08,,"cards",false,"sunmoondfc","G","Creature — Human Archer Werewolf // Creature — Werewolf",nm,"undefined","undefined",
mid,Innistrad: Midnight Hunt,ru,56,"Geistwave",1,false,5188,https://cards.scryfall.io/normal/front/f/0/f0e3d1ac-bec2-4bba-a6cf-a823996dde2d.jpg?1634348915,"",Olena Richards,common,0.04,0.15,,0.09,0.21,,"cards",false,"","U","Instant",nm,"Волна Привидений","undefined",
mid,Innistrad: Midnight Hunt,ru,253,"Crossroads Candleguide",1,false,12514,https://cards.scryfall.io/normal/front/5/c/5cad1524-9e75-47e0-b817-47110634802a.jpg?1637114536,"",Dan Scott,common,0.02,0.05,,0.04,0.07,,"cards",false,"","","Artifact Creature — Scarecrow",nm,"Свечной Проводник Перекрестка","undefined",
mid,Innistrad: Midnight Hunt,ru,301,"Dawnhart Rejuvenator",1,false,11823,https://cards.scryfall.io/normal/front/1/9/19b0e267-c361-4224-9b7a-2a3d1c5ac8b4.jpg?1636415446,"",Cabrol,common,0.07,0.06,,0.04,0.05,,"cards",false,"showcase","G","Creature — Human Warlock",nm,"Омолодительница Донхарта","boosterfun",
mid,Innistrad: Midnight Hunt,ru,126,"Vengeful Strangler // Strangling Grasp",1,false,12401,https://cards.scryfall.io/normal/front/d/4/d4054ae6-0227-4d99-8cb5-72e8b5d0b726.jpg?1634348001,"Transform,Enchant",Sean Sevestre,uncommon,0.09,0.20,,0.10,0.18,,"cards",false,"sunmoondfc","B","Creature — Human Rogue // Enchantment — Aura",nm,"undefined","undefined",
mid,Innistrad: Midnight Hunt,ru,28,"Mourning Patrol // Morning Apparition",1,false,19980,https://cards.scryfall.io/normal/front/2/d/2d3687e2-09e0-4753-aa02-88a19bde3330.jpg?1634347239,"Flying,Vigilance,Transform,Disturb",Greg Opalinski,common,0.02,0.02,,0.03,0.04,,"cards",false,"sunmoondfc","W","Creature — Human Soldier // Creature — Spirit Soldier",nm,"undefined","undefined",
mid,Innistrad: Midnight Hunt,ru,101,"Foul Play",1,false,14589,https://cards.scryfall.io/normal/front/8/7/87e4b75c-e993-4983-8933-977be314bba6.jpg?1634349812,"Investigate",Campbell White,uncommon,0.03,0.13,,0.10,0.12,,"cards",false,"","B","Sorcery",nm,"Грязная Игра","undefined",
mid,Innistrad: Midnight Hunt,ru,48,"Devious Cover-Up",1,false,8925,https://cards.scryfall.io/normal/front/6/4/648281fe-89fb-4d8d-b944-3af28fb044f6.jpg?1634348751,"",Colin Boyer,common,0.01,0.06,,0.09,0.08,,"cards",false,"","U","Instant",nm,"Изощренная Уловка","undefined",
mid,Innistrad: Midnight Hunt,ru,12,"Celestus Sanctifier",1,false,23013,https://cards.scryfall.io/normal/front/6/7/67547253-ab98-4d3a-bf95-3e109cf60a85.jpg?1634346717,"",Irina Nordsol,common,0.01,0.06,,0.02,0.06,,"cards",false,"","W","Creature — Human Cleric",nm,"Святительница Целестуса","undefined",
mid,Innistrad: Midnight Hunt,ru,226,"Grizzly Ghoul",1,false,19248,https://cards.scryfall.io/normal/front/e/e/eec421f1-4ee8-4816-ab5c-372e87aae231.jpg?1636684344,"Trample",Vincent Proce,uncommon,0.05,0.05,,0.07,0.13,,"cards",false,"","B,G","Creature — Zombie Bear",nm,"Медвежий Упырь","undefined",
mid,Innistrad: Midnight Hunt,ru,237,"Rite of Oblivion",1,false,2356,https://cards.scryfall.io/normal/front/f/e/fe1f8d52-565e-4900-8357-fd29f2022dc1.jpg?1636684799,"Flashback",Martina Pilcerova,uncommon,0.40,0.50,,0.29,0.62,,"cards",false,"","B,W","Sorcery",nm,"Обряд Забвения","undefined",
mid,Innistrad: Midnight Hunt,ru,291,"Shady Traveler // Stalking Predator",1,false,21961,https://cards.scryfall.io/normal/front/b/1/b1463082-62bb-4aa6-8763-b865ef1fdb68.jpg?1636336036,"Daybound,Menace,Nightbound",Joshua Alvarado,common,0.01,0.03,,0.03,0.06,,"cards",false,"showcase,sunmoondfc","B","Creature — Human Werewolf // Creature — Werewolf",nm,"undefined","boosterfun",
mid,Innistrad: Midnight Hunt,ru,158,"Seize the Storm",1,false,13296,https://cards.scryfall.io/normal/front/5/3/532e079f-55b7-4b92-b489-aed4d3becae7.jpg?1636223516,"Flashback",Deruchenko Alexander,uncommon,0.03,0.10,,0.11,0.15,,"cards",false,"","R","Sorcery",nm,"Покорить Бурю","undefined",
mid,Innistrad: Midnight Hunt,ru,180,"Dawnhart Rejuvenator",1,false,11823,https://cards.scryfall.io/normal/front/c/f/cf4b5ad9-3de6-4d53-93a0-3b8d2e484687.jpg?1636224166,"",Darren Tan,common,0.01,0.03,,0.09,0.08,,"cards",false,"","G","Creature — Human Warlock",nm,"Омолодительница Донхарта","undefined",
mid,Innistrad: Midnight Hunt,ru,231,"Kessig Naturalist // Lord of the Ulvenwald",1,false,5201,https://cards.scryfall.io/normal/front/8/a/8ab5f2e6-0e0a-4f7d-a959-3d07948ff317.jpg?1636684556,"Daybound,Nightbound",Johan Grenier,uncommon,0.15,0.25,,0.18,0.20,,"cards",false,"sunmoondfc","G,R","Creature — Human Werewolf // Creature — Werewolf",nm,"undefined","undefined",
mid,Innistrad: Midnight Hunt,ru,128,"Ardent Elementalist",1,false,4363,https://cards.scryfall.io/normal/front/f/5/f58592f7-1df5-428d-9dde-e6acd9a5d1d5.jpg?1634350379,"",Miguel Mercado,common,0.09,0.24,,0.07,0.18,,"cards",false,"","R","Creature — Human Shaman",nm,"Ярая Элементалистка","undefined",
mid,Innistrad: Midnight Hunt,ru,171,"Bramble Armor",1,false,14932,https://cards.scryfall.io/normal/front/6/2/621b58aa-c809-4baf-b2c8-3a46969598d7.jpg?1636223926,"Equip",Alessandra Pisano,common,0.02,0.03,,0.02,0.06,,"cards",false,"","G","Artifact — Equipment",nm,"Терновый Доспех","undefined",
mid,Innistrad: Midnight Hunt,ru,175,"Candlelit Cavalry",1,false,20877,https://cards.scryfall.io/normal/front/a/4/a4c3bd60-1ff6-4136-9188-d0620fd299a7.jpg?1636224038,"Coven",Viko Menezes,common,0.03,0.03,,0.03,0.03,,"cards",false,"","G","Creature — Human Knight",nm,"Свечная Кавалерия","undefined",
mid,Innistrad: Midnight Hunt,ru,210,"Arcane Infusion",1,false,10573,https://cards.scryfall.io/normal/front/9/a/9ab520b7-ad87-4c8e-a454-5c022e378564.jpg?1636225112,"Flashback",Jason Felix,uncommon,0.07,0.13,,0.13,0.23,,"cards",false,"","R,U","Instant",nm,"Волшебное Вливание","undefined",
mid,Innistrad: Midnight Hunt,ru,289,"Baneblade Scoundrel // Baneclaw Marauder",1,false,20425,https://cards.scryfall.io/normal/front/5/b/5b13fbff-8b72-459a-ac72-3429be6e192d.jpg?1636335899,"Daybound,Nightbound",Andrea De Dominicis,uncommon,0.03,0.07,,0.07,0.17,,"cards",false,"showcase,sunmoondfc","B","Creature — Human Rogue Werewolf // Creature — Werewolf",nm,"undefined","boosterfun",
mid,Innistrad: Midnight Hunt,ru,301,"Dawnhart Rejuvenator",1,false,11823,https://cards.scryfall.io/normal/front/1/9/19b0e267-c361-4224-9b7a-2a3d1c5ac8b4.jpg?1636415446,"",Cabrol,common,0.07,0.06,,0.04,0.05,,"cards",false,"showcase","G","Creature — Human Warlock",nm,"Омолодительница Донхарта","boosterfun",
mid,Innistrad: Midnight Hunt,ru,287,"Candlegrove Witch",1,false,18515,https://cards.scryfall.io/normal/front/4/8/482c0eab-326b-41db-9be6-f98d15bbd0af.jpg?1636335797,"Coven",Brigitte Roka,common,0.02,0.04,,0.05,0.07,,"cards",false,"showcase","W","Creature — Human Warlock",nm,"Ведьма Свечной Рощи","boosterfun",
mid,Innistrad: Midnight Hunt,ru,97,"Dreadhound",1,false,3939,https://cards.scryfall.io/normal/front/2/7/27fd571b-8316-4c60-a042-8bcf4816b126.jpg?1634349745,"Mill",Joe Slucher,uncommon,0.14,0.24,,0.12,0.23,,"cards",false,"","B","Creature — Demon Dog",nm,"Гончая Ужаса","undefined",
mid,Innistrad: Midnight Hunt,ru,153,"Pack's Betrayal",1,false,10678,https://cards.scryfall.io/normal/front/7/e/7ebadb1e-32cd-41d6-b26e-49134973d05c.jpg?1636223337,"Scry",Sam Rowan,common,0.03,0.06,,0.12,0.13,,"cards",false,"","R","Sorcery",nm,"Предательство Стаи","undefined",
mid,Innistrad: Midnight Hunt,ru,308,"Dawnhart Wardens",1,false,13065,https://cards.scryfall.io/normal/front/5/4/54c410dc-123c-4431-9ccb-3f17e6555d68.jpg?1636510820,"Vigilance,Coven",Antonio Bravo,uncommon,0.02,0.07,,0.04,0.12,,"cards",false,"showcase","G,W","Creature — Human Warlock",nm,"Стражницы Донхарта","boosterfun",
mid,Innistrad: Midnight Hunt,ru,145,"Lambholt Harrier",1,false,15091,https://cards.scryfall.io/normal/front/e/2/e2a732ca-cd68-465f-8e44-783e1fe34e44.jpg?1636223126,"",Jason Kang,common,0.05,0.04,,0.09,0.08,,"cards",false,"","R","Creature — Wolf",nm,"Ламбхольтский Налетчик","undefined",
mid,Innistrad: Midnight Hunt,ru,220,"Diregraf Rebirth",1,false,7826,https://cards.scryfall.io/normal/front/b/5/b51ed1ea-661e-49c6-9751-1eb7bb651bb1.jpg?1636684125,"Flashback",Irina Nordsol,uncommon,0.08,0.22,,0.08,0.33,,"cards",false,"","B,G","Sorcery",nm,"Возрождение Места Резни","undefined",
mid,Innistrad: Midnight Hunt,ru,170,"Bounding Wolf",1,false,12282,https://cards.scryfall.io/normal/front/7/4/74e22ed6-9d39-4feb-8c64-64cdd8313816.jpg?1636223903,"Reach,Flash",Andrea Radeck,common,0.06,0.08,,0.10,0.13,,"cards",false,"","G","Creature — Wolf",nm,"Ловчий Волк","undefined",
mid,Innistrad: Midnight Hunt,ru,98,"Duress",1,false,2933,https://cards.scryfall.io/normal/front/c/0/c0a72721-2a4a-4d48-a7b0-2370b90b8619.jpg?1634349768,"",Paul Scott Canavan,common,0.06,0.11,,0.08,0.16,,"cards",false,"","B","Sorcery",nm,"Насилие","undefined",
mid,Innistrad: Midnight Hunt,ru,60,"Locked in the Cemetery",1,false,18569,https://cards.scryfall.io/normal/front/6/8/68593c6d-8d1b-4c36-84a1-f1144669825e.jpg?1634349012,"Enchant",Tran Nguyen,common,0.02,0.02,,0.05,0.02,,"cards",false,"","U","Enchantment — Aura",nm,"Запертый на Кладбище","undefined",
mid,Innistrad: Midnight Hunt,ru,39,"Thraben Exorcism",1,false,21378,https://cards.scryfall.io/normal/front/a/0/a0700298-30d2-45a6-bd64-4fd7fa4d7d30.jpg?1634348604,"",Matt Stewart,common,0.02,0.01,,0.02,0.06,,"cards",false,"","W","Instant",nm,"Трейбенский Экзорцизм","undefined",
mid,Innistrad: Midnight Hunt,ru,35,"Soul-Guide Gryff",1,false,22064,https://cards.scryfall.io/normal/front/b/e/be1031bb-af9f-4446-8b36-b0bb9aa5997a.jpg?1634348488,"Flying",Cristi Balanescu,common,0.02,0.03,,0.04,0.04,,"cards",false,"","W","Creature — Hippogriff Spirit",nm,"Гриф, Проводник Душ","undefined",
mid,Innistrad: Midnight Hunt,ru,143,"Harvesttide Infiltrator // Harvesttide Assailant",1,false,12680,https://cards.scryfall.io/normal/front/3/5/35fdb976-291c-4824-9518-dd8c9f93fcde.jpg?1644879429,"Daybound,Trample,Nightbound",Mathias Kollros,common,0.02,0.07,,0.03,0.08,,"cards",false,"sunmoondfc","R","Creature — Human Werewolf // Creature — Werewolf",nm,"undefined","undefined",
mid,Innistrad: Midnight Hunt,ru,160,"Spellrune Painter // Spellrune Howler",1,false,13860,https://cards.scryfall.io/normal/front/d/2/d2a5b43d-e21b-4294-9ea2-5bd0264e71d3.jpg?1636223615,"Daybound,Nightbound",Lucas Graciano,uncommon,0.01,0.12,,0.05,0.15,,"cards",false,"sunmoondfc","R","Creature — Human Shaman Werewolf // Creature — Werewolf",nm,"undefined","undefined",
mid,Innistrad: Midnight Hunt,ru,296,"Tavern Ruffian // Tavern Smasher",1,false,14059,https://cards.scryfall.io/normal/front/8/c/8ca358b8-dee7-462d-aee1-f2e271d38370.jpg?1636415483,"Daybound,Nightbound",Michael Walsh,common,0.02,0.05,,0.04,0.09,,"cards",false,"showcase,sunmoondfc","R","Creature — Human Warrior Werewolf // Creature — Werewolf",nm,"undefined","boosterfun",
mid,Innistrad: Midnight Hunt,ru,2,"Ambitious Farmhand // Seasoned Cathar",1,false,7737,https://cards.scryfall.io/normal/front/5/4/54d4e7c3-294d-4900-8b70-faafda17cc33.jpg?1634346867,"Lifelink,Transform,Coven",Bryan Sola,uncommon,0.25,0.34,,0.21,0.35,,"cards",false,"sunmoondfc","W","Creature — Human Peasant // Creature — Human Knight",nm,"undefined","undefined",
mid,Innistrad: Midnight Hunt,ru,183,"Dryad's Revival",1,false,5659,https://cards.scryfall.io/normal/front/5/c/5c0aa3eb-0aa8-42da-b437-a3f336df585d.jpg?1636224278,"Flashback",Mila Pesic,uncommon,0.07,0.21,,0.12,0.13,,"cards",false,"","G","Sorcery",nm,"Возрождение Дриады","undefined",
mid,Innistrad: Midnight Hunt,ru,22,"Gavony Trapper",1,false,17330,https://cards.scryfall.io/normal/front/5/a/5a1309ea-4411-4116-841f-5aef8611400c.jpg?1634348201,"",Caio Monteiro,common,0.02,0.01,,0.08,0.06,,"cards",false,"","W","Creature — Human Soldier",nm,"Гевонский Капканщик","undefined",
mid,Innistrad: Midnight Hunt,ru,24,"Homestead Courage",1,false,13018,https://cards.scryfall.io/normal/front/7/3/73a9c49f-fcd3-4572-bac7-6eb06fdc0815.jpg?1634348250,"Flashback",Colin Boyer,common,0.05,0.13,,0.09,0.21,,"cards",false,"","W","Sorcery",nm,"Мужество Домочадцев","undefined",
mid,Innistrad: Midnight Hunt,ru,120,"Shady Traveler // Stalking Predator",1,false,21961,https://cards.scryfall.io/normal/front/5/5/55f0666a-5c3e-492b-b4ea-42fa7f24661b.jpg?1634348047,"Daybound,Menace,Nightbound",Lie Setiawan,common,0.02,0.10,,0.05,0.09,,"cards",false,"sunmoondfc","B","Creature — Human Werewolf // Creature — Werewolf",nm,"undefined","undefined",
mid,Innistrad: Midnight Hunt,ru,16,"Duelcraft Trainer",1,false,17269,https://cards.scryfall.io/normal/front/6/b/6b75855c-88dc-4491-8045-080debfeb7b5.jpg?1634346793,"First strike,Coven",John Stanko,uncommon,0.02,0.01,,0.02,0.09,,"cards",false,"","W","Creature — Human Soldier",nm,"Дуэльный Учитель","undefined",
mid,Innistrad: Midnight Hunt,ru,184,"Duel for Dominance",1,false,10140,https://cards.scryfall.io/normal/front/9/b/9bb0a0c8-158e-4a6f-976e-3de9f57c3463.jpg?1636224300,"Fight,Coven",Ryan Pancoast,common,0.02,0.04,,0.11,0.12,,"cards",false,"","G","Instant",nm,"Дуэль за Превосходство","undefined",
mid,Innistrad: Midnight Hunt,ru,148,"Moonrager's Slash",1,false,14391,https://cards.scryfall.io/normal/front/e/b/eb4f266b-c41c-4047-ae6f-b2226c7459e8.jpg?1636223196,"",Lars Grant-West,common,0.02,0.06,,0.06,0.11,,"cards",false,"","R","Instant",nm,"Удар Лунояра","undefined",
mid,Innistrad: Midnight Hunt,ru,186,"Harvesttide Sentry",1,false,21247,https://cards.scryfall.io/normal/front/9/5/9543cf53-8cf5-49d0-9c60-8b11e21da953.jpg?1636224350,"Coven",Livia Prima,common,0.01,0.09,,0.04,0.04,,"cards",false,"","G","Creature — Human Warrior",nm,"Стражница Седмицы Жатвы","undefined",
mid,Innistrad: Midnight Hunt,ru,23,"Hedgewitch's Mask",1,false,9916,https://cards.scryfall.io/normal/front/9/7/97321072-1f7f-413b-9246-e6b3ec7a8c30.jpg?1634348225,"Equip",Ovidio Cartagena,common,0.02,0.06,,0.09,0.09,,"cards",false,"","W","Artifact — Equipment",nm,"Маска Сельской Ведьмы","undefined",
mid,Innistrad: Midnight Hunt,ru,287,"Candlegrove Witch",1,false,18515,https://cards.scryfall.io/normal/front/4/8/482c0eab-326b-41db-9be6-f98d15bbd0af.jpg?1636335797,"Coven",Brigitte Roka,common,0.02,0.04,,0.05,0.07,,"cards",false,"showcase","W","Creature — Human Warlock",nm,"Ведьма Свечной Рощи","boosterfun",
mid,Innistrad: Midnight Hunt,ru,27,"Lunarch Veteran // Luminous Phantom",1,false,3103,https://cards.scryfall.io/normal/front/d/2/d2704743-2e23-40b9-a367-c73d2db45afc.jpg?1634347175,"Flying,Transform,Disturb",Igor Kieryluk,common,0.44,0.57,,0.26,0.74,,"cards",false,"sunmoondfc","W","Creature — Human Cleric // Creature — Spirit Cleric",nm,"undefined","undefined",
mid,Innistrad: Midnight Hunt,ru,65,"Ominous Roost",1,false,13802,https://cards.scryfall.io/normal/front/d/a/daf2b49a-56f9-4093-960f-9ec7af8983b5.jpg?1634349086,"",Josu Hernaiz,uncommon,0.03,0.06,,0.13,0.19,,"cards",false,"","U","Enchantment",nm,"Зловещий Насест","undefined",
mid,Innistrad: Midnight Hunt,ru,221,"Faithful Mending",1,false,2392,https://cards.scryfall.io/normal/front/5/0/50752ca9-ea85-4c4b-9bf5-4f8759a7dcec.jpg?1636684159,"Flashback",Caroline Gariba,uncommon,0.52,0.72,,0.61,1.68,,"cards",false,"","U,W","Instant",nm,"Верное Исправление","undefined",
mid,Innistrad: Midnight Hunt,ru,202,"Timberland Guide",1,false,14874,https://cards.scryfall.io/normal/front/6/b/6b215b6a-82e3-4ce8-b288-d7341761cad0.jpg?1636224841,"",Zoltan Boros,common,0.02,0.05,,0.06,0.04,,"cards",false,"","G","Creature — Human Scout",nm,"Лесной Проводник","undefined",
mid,Innistrad: Midnight Hunt,ru,30,"Ritual Guardian",1,false,20342,https://cards.scryfall.io/normal/front/f/0/f077f07e-4660-4483-b6ea-16cca0956892.jpg?1634348360,"Coven",Denman Rooke,common,0.02,0.01,,0.03,0.03,,"cards",false,"","W","Creature — Human Soldier",nm,"Стражница Ритуала","undefined",
mid,Innistrad: Midnight Hunt,ru,305,"Tireless Hauler // Dire-Strain Brawler",1,false,12544,https://cards.scryfall.io/normal/front/5/5/552bb3a5-0c2c-4dc5-aee8-1048b04e69f9.jpg?1636510647,"Vigilance,Daybound,Nightbound",Steve Ellis,common,0.02,0.07,,0.06,0.12,,"cards",false,"showcase,sunmoondfc","G","Creature — Human Werewolf // Creature — Werewolf",nm,"undefined","boosterfun",
mid,Innistrad: Midnight Hunt,ru,84,"Arrogant Outlaw",1,false,13421,https://cards.scryfall.io/normal/front/4/9/496a9d45-6197-44b6-b0fc-17aeae281b2f.jpg?1634349480,"",Aurore Folny,common,0.02,0.05,,0.21,0.14,,"cards",false,"","B","Creature — Vampire Noble",nm,"Высокомерный Преступник","undefined",
mid,Innistrad: Midnight Hunt,ru,42,"Baithook Angler // Hook-Haunt Drifter",1,false,20635,https://cards.scryfall.io/normal/front/3/6/36e71d16-0964-489d-bea2-9cec7991fc99.jpg?1634347296,"Flying,Transform,Disturb",Uriah Voth,common,0.02,0.01,,0.08,0.04,,"cards",false,"sunmoondfc","U","Creature — Human Peasant // Creature — Spirit",nm,"undefined","undefined",
mid,Innistrad: Midnight Hunt,ru,29,"Odric's Outrider",1,false,13081,https://cards.scryfall.io/normal/front/9/0/9016f837-cc19-43f1-adb9-96bdd3195407.jpg?1634348336,"",Cristi Balanescu,uncommon,0.02,0.05,,0.11,0.14,,"cards",false,"","W","Creature — Human Knight",nm,"Разъездчик Одрика","undefined",
mid,Innistrad: Midnight Hunt,ru,151,"Neonate's Rush",1,false,16320,https://cards.scryfall.io/normal/front/d/e/dee17e12-e08f-4449-9f49-05f20e0d1670.jpg?1636223275,"",Justine Cruz,common,0.02,0.04,,0.08,0.16,,"cards",false,"","R","Instant",nm,"Волнение Новокровки","undefined",
mid,Innistrad: Midnight Hunt,ru,163,"Tavern Ruffian // Tavern Smasher",1,false,14059,https://cards.scryfall.io/normal/front/1/d/1d7b2d05-ce5c-4b73-8fa6-d9b69619d58c.jpg?1636682934,"Daybound,Nightbound",Zoltan Boros,common,0.02,0.03,,0.03,0.11,,"cards",false,"sunmoondfc","R","Creature — Human Warrior Werewolf // Creature — Werewolf",nm,"undefined","undefined",
mid,Innistrad: Midnight Hunt,ru,53,"Firmament Sage",1,false,17691,https://cards.scryfall.io/normal/front/9/d/9db186a1-3dc5-4ed2-8cd4-1e4f13094885.jpg?1634348872,"",Anastasia Ovchinnikova,uncommon,0.03,0.04,,0.05,0.07,,"cards",false,"","U","Creature — Human Wizard",nm,"Ведунья Небосвода","undefined",
mid,Innistrad: Midnight Hunt,ru,189,"Might of the Old Ways",1,false,17495,https://cards.scryfall.io/normal/front/6/a/6a853679-e9dd-4c05-8688-248de8f12760.jpg?1636224469,"Coven",Zezhou Chen,common,0.03,0.04,,0.04,0.03,,"cards",false,"","G","Instant",nm,"Мощь Старины","undefined",
mid,Innistrad: Midnight Hunt,ru,152,"Obsessive Astronomer",1,false,17767,https://cards.scryfall.io/normal/front/4/f/4f6e0cb6-283b-448e-89c6-8b6e8e21e38b.jpg?1636223311,"",Josu Hernaiz,uncommon,0.03,0.01,,0.05,0.09,,"cards",false,"","R","Creature — Human Wizard",nm,"Помешанный Астроном","undefined",
mid,Innistrad: Midnight Hunt,ru,195,"Return to Nature",1,false,335,https://cards.scryfall.io/normal/front/6/e/6e25c252-4177-4193-914c-b6933d9c0d7d.jpg?1636224670,"",Kim Sokol,common,0.15,0.22,,0.07,0.19,,"cards",false,"","G","Instant",nm,"Возвращение к Природе","undefined",
mid,Innistrad: Midnight Hunt,ru,255,"Moonsilver Key",1,false,934,https://cards.scryfall.io/normal/front/8/7/87778e37-af92-402e-b037-5fbd6112b682.jpg?1685714525,"",Joseph Meehan,uncommon,0.33,5.88,,0.51,1.96,,"cards",false,"","","Artifact",nm,"Ключ Лунного Серебра","undefined",
mid,Innistrad: Midnight Hunt,ru,185,"Eccentric Farmer",1,false,11607,https://cards.scryfall.io/normal/front/b/5/b5339f6e-9ed7-4734-91c9-c2ed59ca1052.jpg?1636224326,"Mill",Tyler Walpole,common,0.01,0.06,,0.08,0.14,,"cards",false,"","G","Creature — Human Peasant",nm,"Эксцентричная Фермерша","undefined",
mid,Innistrad: Midnight Hunt,ru,169,"Bird Admirer // Wing Shredder",1,false,10658,https://cards.scryfall.io/normal/front/7/1/71ccc444-54c8-4f7c-a425-82bc3eea1eb0.jpg?1664081363,"Reach,Daybound,Nightbound",Slawomir Maniak,common,0.02,0.09,,0.09,0.08,,"cards",false,"sunmoondfc","G","Creature — Human Archer Werewolf // Creature — Werewolf",nm,"undefined","undefined",
mid,Innistrad: Midnight Hunt,ru,300,"Dawnhart Mentor",1,false,15557,https://cards.scryfall.io/normal/front/a/c/ac558d9d-5c7d-4671-ae0b-94c099e1b111.jpg?1636415408,"Coven",Antonio Bravo,uncommon,0.03,0.05,,0.03,0.11,,"cards",false,"showcase","G","Creature — Human Warlock",nm,"Наставница Донхарта","boosterfun",
mid,Innistrad: Midnight Hunt,ru,298,"Bird Admirer // Wing Shredder",1,false,10658,https://cards.scryfall.io/normal/front/7/2/7247d5ab-2897-4c89-a030-2947328a0c9e.jpg?1636428737,"Reach,Daybound,Nightbound",Joshua Alvarado,common,0.02,0.05,,0.12,0.13,,"cards",false,"showcase,sunmoondfc","G","Creature — Human Archer Werewolf // Creature — Werewolf",nm,"undefined","boosterfun",
mid,Innistrad: Midnight Hunt,ru,147,"Lunar Frenzy",1,false,7865,https://cards.scryfall.io/normal/front/b/5/b5fb18c4-1386-4ea0-97c1-4bdd1e7eb5a6.jpg?1636223174,"",Alix Branwyn,uncommon,0.12,0.34,,0.13,0.14,,"cards",false,"","R","Instant",nm,"Лунное Бешенство","undefined",
mid,Innistrad: Midnight Hunt,ru,130,"Brimstone Vandal",1,false,15682,https://cards.scryfall.io/normal/front/1/0/10addf9a-daca-4b84-a9d3-f98f7b955af9.jpg?1634350435,"Menace",Andreas Zafiratos,common,0.04,0.03,,0.18,0.09,,"cards",false,"","R","Creature — Devil",nm,"Серный Вандал","undefined",
mid,Innistrad: Midnight Hunt,ru,14,"Clarion Cathars",1,false,16157,https://cards.scryfall.io/normal/front/8/9/89f8ea28-7de1-4908-8e2d-b1aeff651015.jpg?1634346745,"",Leanna Crossan,common,0.02,0.02,,0.04,0.04,,"cards",false,"","W","Creature — Human Knight",nm,"Трубящие Катары","undefined",
mid,Innistrad: Midnight Hunt,ru,295,"Spellrune Painter // Spellrune Howler",1,false,13860,https://cards.scryfall.io/normal/front/1/d/1d4d2aac-84ed-434e-921e-b724e3854cf2.jpg?1636412806,"Daybound,Nightbound",Michael Walsh,uncommon,0.03,0.12,,0.05,0.22,,"cards",false,"showcase,sunmoondfc","R","Creature — Human Shaman Werewolf // Creature — Werewolf",nm,"undefined","boosterfun",
mid,Innistrad: Midnight Hunt,ru,28,"Mourning Patrol // Morning Apparition",1,false,19980,https://cards.scryfall.io/normal/front/2/d/2d3687e2-09e0-4753-aa02-88a19bde3330.jpg?1634347239,"Flying,Vigilance,Transform,Disturb",Greg Opalinski,common,0.02,0.02,,0.03,0.04,,"cards",false,"sunmoondfc","W","Creature — Human Soldier // Creature — Spirit Soldier",nm,"undefined","undefined",
mid,Innistrad: Midnight Hunt,ru,196,"Rise of the Ants",1,false,17288,https://cards.scryfall.io/normal/front/3/1/3143fadd-0162-4e0c-89fc-89dc3501d13c.jpg?1636224693,"Flashback",Nicholas Gregory,uncommon,0.04,0.05,,0.04,0.12,,"cards",false,"","G","Sorcery",nm,"Восстание Муравьев","undefined",
mid,Innistrad: Midnight Hunt,ru,32,"Search Party Captain",1,false,12910,https://cards.scryfall.io/normal/front/c/b/cb9006c1-2e6f-4bca-a1c4-3cf2a8b6e964.jpg?1634348412,"",Mike Bierek,common,0.01,0.05,,0.08,0.24,,"cards",false,"","W","Creature — Human Soldier",nm,"Капитан Искателей","undefined",
mid,Innistrad: Midnight Hunt,ru,189,"Might of the Old Ways",1,false,17495,https://cards.scryfall.io/normal/front/6/a/6a853679-e9dd-4c05-8688-248de8f12760.jpg?1636224469,"Coven",Zezhou Chen,common,0.03,0.04,,0.04,0.03,,"cards",false,"","G","Instant",nm,"Мощь Старины","undefined",
mid,Innistrad: Midnight Hunt,ru,261,"Evolving Wilds",1,false,15,https://cards.scryfall.io/normal/front/c/b/cb471f90-46f2-4037-87fc-f523fc9d004f.jpg?1637114771,"",Alayna Danner,common,0.06,0.14,,0.07,0.22,,"cards",false,"","","Land",nm,"Перерождающиеся Дебри","undefined",
mid,Innistrad: Midnight Hunt,ru,135,"Electric Revelation",1,false,5142,https://cards.scryfall.io/normal/front/2/0/20ff3289-00fb-4e91-b34f-6255e9de8e9e.jpg?1634350551,"Flashback",Liiga Smilshkalne,common,0.06,0.13,,0.13,0.10,,"cards",false,"","R","Instant",nm,"Электрическое Откровение","undefined",
mid,Innistrad: Midnight Hunt,ru,218,"Devoted Grafkeeper // Departed Soulkeeper",1,false,18354,https://cards.scryfall.io/normal/front/9/6/965e6bd5-dc32-406c-bc99-ceb15be4d3f2.jpg?1636684052,"Flying,Transform,Mill,Disturb",Raoul Vitale,uncommon,0.03,0.03,,0.06,0.12,,"cards",false,"sunmoondfc","U,W","Creature — Human Peasant // Creature — Spirit",nm,"undefined","undefined",
mid,Innistrad: Midnight Hunt,ru,297,"Village Watch // Village Reavers",1,false,6862,https://cards.scryfall.io/normal/front/a/6/a622635e-482d-4621-8874-3945af74e9ca.jpg?1636414278,"Daybound,Haste,Nightbound",Andrea De Dominicis,uncommon,0.04,0.14,,0.10,0.21,,"cards",false,"showcase,sunmoondfc","R","Creature — Human Werewolf // Creature — Werewolf",nm,"undefined","boosterfun",
mid,Innistrad: Midnight Hunt,ru,238,"Rootcoil Creeper",1,false,8102,https://cards.scryfall.io/normal/front/3/7/3743cf9c-226f-43a3-b385-375a25414792.jpg?1636684840,"",Iris Compiet,uncommon,0.09,0.26,,0.07,0.30,,"cards",false,"","G,U","Creature — Plant Horror",nm,"Плетеный из Корней Ползун","undefined",
mid,Innistrad: Midnight Hunt,ru,254,"Jack-o'-Lantern",1,false,13703,https://cards.scryfall.io/normal/front/2/1/21b589ab-45a0-480a-a891-581c34f8a9bf.jpg?1637114561,"",Josu Hernaiz,common,0.03,0.08,,0.08,0.07,,"cards",false,"","","Artifact",nm,"Тыквенный Фонарь","undefined",
mid,Innistrad: Midnight Hunt,ru,55,"Galedrifter // Waildrifter",1,false,22976,https://cards.scryfall.io/normal/front/e/b/eb34c472-c6ff-4d83-ac8b-a8f279593f98.jpg?1634347399,"Flying,Transform,Disturb",Daniel Ljunggren,common,0.01,0.02,,0.04,0.04,,"cards",false,"sunmoondfc","U","Creature — Hippogriff // Creature — Hippogriff Spirit",nm,"undefined","undefined",
mid,Innistrad: Midnight Hunt,ru,243,"Storm Skreelix",1,false,12043,https://cards.scryfall.io/normal/front/6/c/6c49618f-2e9e-4674-9953-153ccc76cce2.jpg?1637114260,"Flying",Darek Zabrocki,uncommon,0.04,0.15,,0.10,0.15,,"cards",false,"","R,U","Creature — Drake Horror",nm,"Штормовой Скриликс","undefined",
mid,Innistrad: Midnight Hunt,ru,140,"Festival Crasher",1,false,16368,https://cards.scryfall.io/normal/front/6/2/626b0477-6165-443a-8a75-dfeac26ac9f9.jpg?1636222973,"",Milivoj Ćeran,common,0.05,0.09,,0.10,0.17,,"cards",false,"","R","Creature — Devil",nm,"Незваный Гость Фестиваля","undefined",
mid,Innistrad: Midnight Hunt,ru,116,"No Way Out",1,false,14140,https://cards.scryfall.io/normal/front/d/9/d9ef6a68-60a4-4a20-8b57-8b7a7c5ed0c6.jpg?1634350113,"",Sebastian Giacobino,common,0.03,0.04,,0.03,0.12,,"cards",false,"","B","Sorcery",nm,"Выхода Нет","undefined",
mid,Innistrad: Midnight Hunt,ru,191,"Path to the Festival",1,false,10764,https://cards.scryfall.io/normal/front/1/5/153f545d-bdbf-42c7-837a-a7076bbe5027.jpg?1636224556,"Flashback,Scry",Darek Zabrocki,common,0.01,0.06,,0.05,0.04,,"cards",false,"","G","Sorcery",nm,"Путь на Фестиваль","undefined",
mid,Innistrad: Midnight Hunt,ru,96,"Diregraf Horde",1,false,13026,https://cards.scryfall.io/normal/front/1/5/153be768-ddad-44f2-bcdd-c40353c807d7.jpg?1634349717,"",Alex Negrea,common,0.02,0.12,,0.11,0.07,,"cards",false,"","B","Creature — Zombie",nm,"Орда с Места Резни","undefined",
mid,Innistrad: Midnight Hunt,ru,305,"Tireless Hauler // Dire-Strain Brawler",1,false,12544,https://cards.scryfall.io/normal/front/5/5/552bb3a5-0c2c-4dc5-aee8-1048b04e69f9.jpg?1636510647,"Vigilance,Daybound,Nightbound",Steve Ellis,common,0.02,0.07,,0.06,0.12,,"cards",false,"showcase,sunmoondfc","G","Creature — Human Werewolf // Creature — Werewolf",nm,"undefined","boosterfun",
mid,Innistrad: Midnight Hunt,ru,229,"Join the Dance",1,false,8162,https://cards.scryfall.io/normal/front/5/6/56b30a99-601b-40b9-b012-30fa4be5fd3c.jpg?1636684458,"Flashback",Raoul Vitale,uncommon,0.09,0.13,,0.12,0.14,,"cards",false,"","G,W","Sorcery",nm,"Айда Плясать","undefined",
mid,Innistrad: Midnight Hunt,ru,78,"Startle",1,false,10024,https://cards.scryfall.io/normal/front/3/5/35f68eb3-9b40-4967-a52e-f95aec6e3fbf.jpg?1634349347,"",Craig J Spearing,common,0.02,0.07,,0.06,0.11,,"cards",false,"","U","Instant",nm,"Напугать","undefined",
mid,Innistrad: Midnight Hunt,ru,301,"Dawnhart Rejuvenator",1,false,11823,https://cards.scryfall.io/normal/front/1/9/19b0e267-c361-4224-9b7a-2a3d1c5ac8b4.jpg?1636415446,"",Cabrol,common,0.07,0.06,,0.04,0.05,,"cards",false,"showcase","G","Creature — Human Warlock",nm,"Омолодительница Донхарта","boosterfun",
mid,Innistrad: Midnight Hunt,ru,55,"Galedrifter // Waildrifter",1,false,22976,https://cards.scryfall.io/normal/front/e/b/eb34c472-c6ff-4d83-ac8b-a8f279593f98.jpg?1634347399,"Flying,Transform,Disturb",Daniel Ljunggren,common,0.01,0.02,,0.04,0.04,,"cards",false,"sunmoondfc","U","Creature — Hippogriff // Creature — Hippogriff Spirit",nm,"undefined","undefined",
mid,Innistrad: Midnight Hunt,ru,43,"Component Collector",1,false,20093,https://cards.scryfall.io/normal/front/9/5/956b74fc-1355-4668-838b-e8927794608c.jpg?1634348673,"",Mark Behm,common,0.04,0.12,,0.02,0.05,,"cards",false,"","U","Creature — Homunculus",nm,"Сборщик Компонентов","undefined",
mid,Innistrad: Midnight Hunt,ru,301,"Dawnhart Rejuvenator",1,false,11823,https://cards.scryfall.io/normal/front/1/9/19b0e267-c361-4224-9b7a-2a3d1c5ac8b4.jpg?1636415446,"",Cabrol,common,0.07,0.06,,0.04,0.05,,"cards",false,"showcase","G","Creature — Human Warlock",nm,"Омолодительница Донхарта","boosterfun",
mid,Innistrad: Midnight Hunt,ru,90,"Bloodtithe Collector",1,false,17538,https://cards.scryfall.io/normal/front/5/7/57d5e536-7774-4949-8127-727ae4d8fc80.jpg?1634349600,"Flying",Maria Zolotukhina,uncommon,0.03,0.11,,0.07,0.16,,"cards",false,"","B","Creature — Vampire Noble",nm,"Сборщица Кровавой Подати","undefined",
mid,Innistrad: Midnight Hunt,ru,82,"Unblinking Observer",1,false,14077,https://cards.scryfall.io/normal/front/8/1/8148063c-a509-43ac-a291-c9410c30c2f2.jpg?1634349416,"",Filip Burburan,common,0.02,0.09,,0.05,0.07,,"cards",false,"","U","Creature — Homunculus",nm,"Неусыпный Наблюдатель","undefined",
mid,Innistrad: Midnight Hunt,ru,50,"Drownyard Amalgam",1,false,15031,https://cards.scryfall.io/normal/front/7/1/71b05d44-d987-45e1-bbd9-842dbe58c2b5.jpg?1634348796,"Mill",Alex Brock,common,0.02,0.06,,0.05,0.04,,"cards",false,"","U","Creature — Zombie Horror",nm,"Конгломерат с Кладбища Кораблей","undefined",
mid,Innistrad: Midnight Hunt,ru,298,"Bird Admirer // Wing Shredder",1,false,10658,https://cards.scryfall.io/normal/front/7/2/7247d5ab-2897-4c89-a030-2947328a0c9e.jpg?1636428737,"Reach,Daybound,Nightbound",Joshua Alvarado,common,0.02,0.05,,0.12,0.13,,"cards",false,"showcase,sunmoondfc","G","Creature — Human Archer Werewolf // Creature — Werewolf",nm,"undefined","boosterfun",
mid,Innistrad: Midnight Hunt,ru,291,"Shady Traveler // Stalking Predator",1,false,21961,https://cards.scryfall.io/normal/front/b/1/b1463082-62bb-4aa6-8763-b865ef1fdb68.jpg?1636336036,"Daybound,Menace,Nightbound",Joshua Alvarado,common,0.01,0.03,,0.03,0.06,,"cards",false,"showcase,sunmoondfc","B","Creature — Human Werewolf // Creature — Werewolf",nm,"undefined","boosterfun",
mid,Innistrad: Midnight Hunt,ru,298,"Bird Admirer // Wing Shredder",1,false,10658,https://cards.scryfall.io/normal/front/7/2/7247d5ab-2897-4c89-a030-2947328a0c9e.jpg?1636428737,"Reach,Daybound,Nightbound",Joshua Alvarado,common,0.02,0.05,,0.12,0.13,,"cards",false,"showcase,sunmoondfc","G","Creature — Human Archer Werewolf // Creature — Werewolf",nm,"undefined","boosterfun",
mid,Innistrad: Midnight Hunt,ru,216,"Dawnhart Wardens",1,false,13065,https://cards.scryfall.io/normal/front/7/e/7eb2f0a7-f3a6-4487-b847-4ef26ad5ecad.jpg?1636683941,"Vigilance,Coven",Joshua Raphael,uncommon,0.01,0.01,,0.04,0.07,,"cards",false,"","G,W","Creature — Human Warlock",nm,"Стражницы Донхарта","undefined",
mid,Innistrad: Midnight Hunt,ru,125,"Vampire Interloper",1,false,16769,https://cards.scryfall.io/normal/front/c/3/c3e2ea59-36f1-4e95-bfe8-7008b085194f.jpg?1634350330,"Flying",James Ryman,common,0.03,0.05,,0.05,0.05,,"cards",false,"","B","Creature — Vampire Scout",nm,"Вампир-Нарушитель","undefined",
mid,Innistrad: Midnight Hunt,ru,118,"Olivia's Midnight Ambush",1,false,20904,https://cards.scryfall.io/normal/front/9/c/9c1adede-22ad-4c1c-9501-ad731fbe1742.jpg?1634350180,"",Chris Rallis,common,0.02,0.07,,0.06,0.09,,"cards",false,"","B","Instant",nm,"Полуночная Засада Оливии","undefined",
mid,Innistrad: Midnight Hunt,ru,289,"Baneblade Scoundrel // Baneclaw Marauder",1,false,20425,https://cards.scryfall.io/normal/front/5/b/5b13fbff-8b72-459a-ac72-3429be6e192d.jpg?1636335899,"Daybound,Nightbound",Andrea De Dominicis,uncommon,0.03,0.07,,0.07,0.17,,"cards",false,"showcase,sunmoondfc","B","Creature — Human Rogue Werewolf // Creature — Werewolf",nm,"undefined","boosterfun",
mid,Innistrad: Midnight Hunt,ru,20,"Gavony Dawnguard",1,false,16739,https://cards.scryfall.io/normal/front/5/8/58891dae-1c59-4f53-82ec-5b4c47133182.jpg?1634348150,"Ward",Micah Epstein,uncommon,0.03,0.05,,0.10,0.12,,"cards",false,"","W","Creature — Human Soldier",nm,"Гевонская Стражница Зари","undefined",
mid,Innistrad: Midnight Hunt,ru,86,"Bat Whisperer",1,false,17154,https://cards.scryfall.io/normal/front/4/4/4412c901-0ec8-437a-9d1e-ce318bbe2b03.jpg?1634349505,"",Jodie Muir,common,0.01,0.14,,0.04,0.10,,"cards",false,"","B","Creature — Vampire",nm,"Заклинательница Нетопырей","undefined",
mid,Innistrad: Midnight Hunt,ru,150,"Mounted Dreadknight",1,false,17711,https://cards.scryfall.io/normal/front/d/1/d1814fc8-011f-4cd4-825b-f00ae6ec0fe0.jpg?1636223254,"Trample",Josu Hernaiz,common,0.03,0.07,,0.04,0.06,,"cards",false,"","R","Creature — Vampire Knight",nm,"Жуткий Рыцарь-Наездник","undefined",
mid,Innistrad: Midnight Hunt,ru,14,"Clarion Cathars",1,false,16157,https://cards.scryfall.io/normal/front/8/9/89f8ea28-7de1-4908-8e2d-b1aeff651015.jpg?1634346745,"",Leanna Crossan,common,0.02,0.02,,0.04,0.04,,"cards",false,"","W","Creature — Human Knight",nm,"Трубящие Катары","undefined",
mid,Innistrad: Midnight Hunt,ru,310,"Kessig Naturalist // Lord of the Ulvenwald",1,false,5201,https://cards.scryfall.io/normal/front/3/e/3ee3f0ed-e4ea-483e-bacc-d58bcf9e07b5.jpg?1636510898,"Daybound,Nightbound",Rafael Albuquerque,uncommon,0.05,0.17,,0.15,0.26,,"cards",false,"showcase,sunmoondfc","G,R","Creature — Human Werewolf // Creature — Werewolf",nm,"undefined","boosterfun",
mid,Innistrad: Midnight Hunt,ru,45,"Covetous Castaway // Ghostly Castigator",1,false,18998,https://cards.scryfall.io/normal/front/0/3/03a3ea4b-d292-4602-985f-7a7971ca73ec.jpg?1634433828,"Flying,Transform,Mill,Disturb",Dan Scott,uncommon,0.04,0.02,,0.07,0.12,,"cards",false,"sunmoondfc","U","Creature — Human // Creature — Spirit",nm,"undefined","undefined",
mid,Innistrad: Midnight Hunt,ru,6,"Borrowed Time",1,false,8750,https://cards.scryfall.io/normal/front/3/e/3eeef24b-b937-408e-a32e-1a546d3e7b0f.jpg?1634346590,"",Andreas Zafiratos,uncommon,0.08,0.21,,0.12,0.33,,"cards",false,"","W","Enchantment",nm,"Время Взаймы","undefined",
mid,Innistrad: Midnight Hunt,ru,26,"Loyal Gryff",1,false,14669,https://cards.scryfall.io/normal/front/b/4/b4d41ac4-3273-4722-aaa6-ceeba66cf591.jpg?1634348302,"Flying,Flash",Ilse Gort,uncommon,0.02,0.14,,0.10,0.09,,"cards",false,"","W","Creature — Hippogriff",nm,"Верный Гриф","undefined",
mid,Innistrad: Midnight Hunt,ru,201,"Tapping at the Window",1,false,13606,https://cards.scryfall.io/normal/front/b/a/ba75dc52-7ab2-43ec-afac-0a9bcf24cde9.jpg?1636224817,"Flashback",Nils Hamm,common,0.02,0.06,,0.09,0.06,,"cards",false,"","G","Sorcery",nm,"Стук в Окно","undefined",
mid,Innistrad: Midnight Hunt,ru,198,"Shadowbeast Sighting",1,false,19730,https://cards.scryfall.io/normal/front/1/b/1b12e978-4deb-4ccc-8ae6-462bc4598c90.jpg?1636224740,"Flashback",Piotr Foksowicz,common,0.01,0.02,,0.05,0.05,,"cards",false,"","G","Sorcery",nm,"Вид Сумеречного Зверя","undefined",
mid,Innistrad: Midnight Hunt,ru,9,"Candletrap",1,false,12561,https://cards.scryfall.io/normal/front/3/2/32869a36-f21e-4348-a787-871daa6151df.jpg?1634346639,"Enchant,Coven",Manuel Castañón,common,0.02,0.13,,0.10,0.09,,"cards",false,"","W","Enchantment — Aura",nm,"Свечная Ловушка","undefined",
mid,Innistrad: Midnight Hunt,ru,259,"Stuffed Bear",1,false,13738,https://cards.scryfall.io/normal/front/4/c/4cd40276-016b-475f-906f-74d31dceaf70.jpg?1637114713,"",Joe Slucher,common,0.01,0.05,,0.09,0.10,,"cards",false,"","","Artifact",nm,"Чучело Медведя","undefined",
mid,Innistrad: Midnight Hunt,ru,188,"Howl of the Hunt",1,false,11197,https://cards.scryfall.io/normal/front/7/a/7a48a42e-5cc5-4f9a-8745-99936f4cae5f.jpg?1636224441,"Enchant,Flash",Josu Hernaiz,common,0.04,0.07,,0.08,0.15,,"cards",false,"","G","Enchantment — Aura",nm,"Охотничий Вой","undefined",
mid,Innistrad: Midnight Hunt,ru,301,"Dawnhart Rejuvenator",1,false,11823,https://cards.scryfall.io/normal/front/1/9/19b0e267-c361-4224-9b7a-2a3d1c5ac8b4.jpg?1636415446,"",Cabrol,common,0.07,0.06,,0.04,0.05,,"cards",false,"showcase","G","Creature — Human Warlock",nm,"Омолодительница Донхарта","boosterfun",
mid,Innistrad: Midnight Hunt,ru,308,"Dawnhart Wardens",1,false,13065,https://cards.scryfall.io/normal/front/5/4/54c410dc-123c-4431-9ccb-3f17e6555d68.jpg?1636510820,"Vigilance,Coven",Antonio Bravo,uncommon,0.02,0.07,,0.04,0.12,,"cards",false,"showcase","G,W","Creature — Human Warlock",nm,"Стражницы Донхарта","boosterfun",
mid,Innistrad: Midnight Hunt,ru,222,"Fleshtaker",1,false,5983,https://cards.scryfall.io/normal/front/2/e/2ed8c0ef-2b53-49b5-bc2f-428628cb3975.jpg?1636684197,"Scry",Kev Walker,uncommon,0.10,0.21,,0.16,0.17,,"cards",false,"","B,W","Creature — Human Assassin",nm,"Забирающий Плоть","undefined",
mid,Innistrad: Midnight Hunt,ru,161,"Stolen Vitality",1,false,11876,https://cards.scryfall.io/normal/front/d/5/d50df2dd-8d14-4d92-ab4e-bf9f9f147e91.jpg?1636223640,"",Mike Bierek,common,0.02,0.07,,0.12,0.08,,"cards",false,"","R","Instant",nm,"Краденая Живость","undefined",
snc,Streets of New Capenna,en,155,"Rhox Pummeler",1,false,18008,https://cards.scryfall.io/normal/front/c/9/c99f5b02-16b9-4672-b0ec-f77662e9de76.jpg?1664412432,"",Gabor Szikszai,common,0.01,0.02,,0.03,0.07,,"cards",false,"","G","Creature — Rhino Soldier",nm,"Рокс-Молотобоец","undefined",
snc,Streets of New Capenna,en,201,"Masked Bandits",1,false,14206,https://cards.scryfall.io/normal/front/0/3/03757415-6b58-42d3-9452-a862e90647ee.jpg?1664413314,"Vigilance,Menace",Micah Epstein,common,0.02,0.07,,0.02,0.05,,"cards",false,"","B,G,R","Creature — Raccoon Rogue",nm,"Бандиты в Масках","undefined",
snc,Streets of New Capenna,en,320,"Mr. Orfeo, the Boulder",1,false,4696,https://cards.scryfall.io/normal/front/0/5/0524fc64-f51c-4991-9e43-da56afd28c00.jpg?1664582981,"",Justin Hernandez & Alexis Hernandez,uncommon,0.03,0.09,,0.10,0.25,,"cards",false,"showcase,legendary,inverted","B,G,R","Legendary Creature — Rhino Warrior",nm,"Мистер Орфео, Булыжник","boosterfun",
snc,Streets of New Capenna,en,73,"Cutthroat Contender",1,false,17190,https://cards.scryfall.io/normal/front/6/b/6b23b3e4-58cf-4b5d-bdcb-410a403b4987.jpg?1664410826,"",Mark Behm,common,0.04,0.04,,0.03,0.11,,"cards",false,"","B","Creature — Vampire Warrior",nm,"Беспощадная Соперница","undefined",
war,War of the Spark,ru,32,"Teyo, the Shieldmage",1,false,5724,https://cards.scryfall.io/normal/front/a/9/a974571c-d8d5-4860-9077-2023e5f32a24.jpg?1557576078,"",Magali Villeneuve,uncommon,0.24,0.78,,0.15,0.64,,"cards",false,"","W","Legendary Planeswalker — Teyo",nm,"Тейо, Маг Щита","undefined",
mid,Innistrad: Midnight Hunt,ru,192,"Pestilent Wolf",1,false,13930,https://cards.scryfall.io/normal/front/e/2/e2686431-8d9c-4b9c-998f-38b5ae113d4a.jpg?1636224583,"",Oriana Menendez,common,0.05,0.09,,0.13,0.11,,"cards",false,"","G","Creature — Wolf",nm,"Чумной Волк","undefined",
mid,Innistrad: Midnight Hunt,ru,199,"Snarling Wolf",1,false,12905,https://cards.scryfall.io/normal/front/4/b/4b614b21-69ed-4788-97d7-ad502b634abb.jpg?1636224766,"",Ilse Gort,common,0.04,0.08,,0.05,0.09,,"cards",false,"","G","Creature — Wolf",nm,"Оскалившийся Волк","undefined",
mid,Innistrad: Midnight Hunt,ru,5,"Blessed Defiance",1,false,14561,https://cards.scryfall.io/normal/front/1/5/1555cdcb-3471-4ee7-99c3-d05311bf433c.jpg?1634346564,"",Kim Sokol,common,0.01,0.04,,0.05,0.20,,"cards",false,"","W","Instant",nm,"Благословенная Дерзость","undefined",
mid,Innistrad: Midnight Hunt,ru,19,"Flare of Faith",1,false,12616,https://cards.scryfall.io/normal/front/1/b/1b4354c6-ea21-46c0-93c4-744dbacbfcf4.jpg?1634346842,"",Justyna Dura,common,0.03,0.04,,0.05,0.06,,"cards",false,"","W","Instant",nm,"Вспышка Веры","undefined",
mid,Innistrad: Midnight Hunt,ru,8,"Candlegrove Witch",1,false,18515,https://cards.scryfall.io/normal/front/d/e/dedfe6ea-cd43-4ec4-83a1-1f0f74e27f56.jpg?1634346614,"Coven",Anna Christenson,common,0.04,0.02,,0.06,0.05,,"cards",false,"","W","Creature — Human Warlock",nm,"Ведьма Свечной Рощи","undefined",
mid,Innistrad: Midnight Hunt,ru,38,"Sunset Revelry",1,false,6572,https://cards.scryfall.io/normal/front/6/1/61b39ef1-29d4-4c8d-aece-a3f1ce008e2d.jpg?1634348577,"",Antonio José Manzanedo,uncommon,0.15,0.44,,0.20,0.95,,"cards",false,"","W","Sorcery",nm,"Закатная Пирушка","undefined",
mid,Innistrad: Midnight Hunt,ru,244,"Sunrise Cavalier",1,false,16664,https://cards.scryfall.io/normal/front/3/d/3d0081b1-40fd-44ad-b154-efe2f27fed6b.jpg?1637114286,"Haste,Trample",John Di Giovanni,uncommon,0.05,0.09,,0.08,0.14,,"cards",false,"","R,W","Creature — Human Knight",nm,"Всадница Восхода","undefined",
mid,Innistrad: Midnight Hunt,ru,68,"Overwhelmed Archivist // Archive Haunt",1,false,17543,https://cards.scryfall.io/normal/front/8/3/832288fd-8031-4c2b-ad3e-b1ec9f94d379.jpg?1634347543,"Flying,Transform,Disturb",Cristi Balanescu,uncommon,0.03,0.03,,0.05,0.09,,"cards",false,"sunmoondfc","U","Creature — Human Wizard // Creature — Spirit Wizard",nm,"undefined","undefined",
mid,Innistrad: Midnight Hunt,ru,28,"Mourning Patrol // Morning Apparition",1,false,19980,https://cards.scryfall.io/normal/front/2/d/2d3687e2-09e0-4753-aa02-88a19bde3330.jpg?1634347239,"Flying,Vigilance,Transform,Disturb",Greg Opalinski,common,0.02,0.02,,0.03,0.04,,"cards",false,"sunmoondfc","W","Creature — Human Soldier // Creature — Spirit Soldier",nm,"undefined","undefined",
mid,Innistrad: Midnight Hunt,ru,132,"Burn the Accursed",1,false,15249,https://cards.scryfall.io/normal/front/f/f/ff4d4e6b-564d-46da-8e32-09ed08c8ddc5.jpg?1634350484,"",David Auden Nash,common,0.03,0.02,,0.06,0.08,,"cards",false,"","R","Instant",nm,"Сжечь Проклятых","undefined",
mid,Innistrad: Midnight Hunt,ru,95,"Defenestrate",1,false,13405,https://cards.scryfall.io/normal/front/d/f/df3abdcc-83a8-45c3-9bfd-23f929705018.jpg?1634349688,"",Darek Zabrocki,common,0.01,0.04,,0.05,0.06,,"cards",false,"","B","Instant",nm,"Дефенестрация","undefined",
mid,Innistrad: Midnight Hunt,ru,49,"Dissipate",1,false,3764,https://cards.scryfall.io/normal/front/4/6/4689b3f2-e4b7-448e-b3d4-ab33194aafb2.jpg?1634348774,"",David Palumbo,uncommon,0.10,0.23,,0.12,0.15,,"cards",false,"","U","Instant",nm,"Развеивание","undefined",
mid,Innistrad: Midnight Hunt,ru,291,"Shady Traveler // Stalking Predator",1,false,21961,https://cards.scryfall.io/normal/front/b/1/b1463082-62bb-4aa6-8763-b865ef1fdb68.jpg?1636336036,"Daybound,Menace,Nightbound",Joshua Alvarado,common,0.01,0.03,,0.03,0.06,,"cards",false,"showcase,sunmoondfc","B","Creature — Human Werewolf // Creature — Werewolf",nm,"undefined","boosterfun",
mid,Innistrad: Midnight Hunt,ru,144,"Immolation",1,false,16285,https://cards.scryfall.io/normal/front/6/0/606b1148-4aa6-4d78-bedd-e31573282921.jpg?1636223098,"Enchant",Olena Richards,common,0.02,0.03,,0.06,0.04,,"cards",false,"","R","Enchantment — Aura",nm,"Всесожжение","undefined",
mid,Innistrad: Midnight Hunt,ru,156,"Raze the Effigy",1,false,6128,https://cards.scryfall.io/normal/front/e/0/e0dd378c-5050-48c9-9a16-6d91afa62d21.jpg?1636223415,"",Cristi Balanescu,common,0.07,0.14,,0.12,0.17,,"cards",false,"","R","Instant",nm,"Сожжение Чучела","undefined",
mid,Innistrad: Midnight Hunt,ru,64,"Nebelgast Intruder",1,false,21883,https://cards.scryfall.io/normal/front/6/c/6c801346-0052-4f4b-a497-1567a34679fb.jpg?1634349062,"Flying,Flash",Volkan Baǵa,uncommon,0.01,0.03,,0.06,0.12,,"cards",false,"","U","Creature — Spirit",nm,"Нарушитель из Небельгаста","undefined",
mid,Innistrad: Midnight Hunt,ru,303,"Outland Liberator // Frenzied Trapbreaker",1,false,2647,https://cards.scryfall.io/normal/front/f/8/f86b7c7e-825a-4634-8a85-3b56f112188c.jpg?1636498978,"Daybound,Nightbound",Brigitte Roka,uncommon,0.20,0.99,,0.37,1.01,,"cards",false,"showcase,sunmoondfc","G","Creature — Human Werewolf // Creature — Werewolf",nm,"undefined","boosterfun",
bro,The Brothers' War,en,20,"Powerstone Engineer",1,false,18683,https://cards.scryfall.io/normal/front/2/9/2901c5f6-5d83-437d-b434-d9beb115dd82.jpg?1674420273,"",Scott Murphy,common,0.03,0.01,,0.05,0.07,,"cards",false,"","W","Creature — Human Artificer",nm,"undefined","undefined",
bro,The Brothers' War,en,31,"Union of the Third Path",1,false,8352,https://cards.scryfall.io/normal/front/4/8/486a0745-7360-4cc9-9cc2-30c0eda6e00c.jpg?1674420357,"",Robin Olausson,common,0.07,0.19,,0.12,0.20,,"cards",false,"","W","Instant",nm,"undefined","undefined",
bro,The Brothers' War,en,17,"Military Discipline",1,false,14554,https://cards.scryfall.io/normal/front/9/4/94778e17-87c4-4765-b2f0-40455069f2c4.jpg?1674420249,"Enchant,Flash",Francisco Miyara,common,0.02,0.07,,0.11,0.14,,"cards",false,"","W","Enchantment — Aura",nm,"undefined","undefined",
bro,The Brothers' War,en,100,"Gixian Skullflayer",1,false,14491,https://cards.scryfall.io/normal/front/e/b/ebdcf02b-1876-44d7-8a22-679ea1272856.jpg?1674420886,"",Anna Pavleeva,common,0.05,0.02,,0.07,0.05,,"cards",false,"","B","Creature — Phyrexian Human Assassin",nm,"undefined","undefined",
bro,The Brothers' War,en,108,"Moment of Defiance",1,false,16636,https://cards.scryfall.io/normal/front/0/e/0e99fb27-a1e9-491f-ab2a-3ccb493168cb.jpg?1674420944,"",Inkognit,common,0.02,0.01,,0.09,0.04,,"cards",false,"","B","Instant",nm,"undefined","undefined",
bro,The Brothers' War,en,112,"Powerstone Fracture",1,false,13355,https://cards.scryfall.io/normal/front/2/3/2323301f-565a-4c0f-bffd-18386ccd1f7a.jpg?1674420973,"",Campbell White,common,0.02,0.03,,0.11,0.05,,"cards",false,"","B","Sorcery",nm,"undefined","undefined",
bro,The Brothers' War,en,87,"Carrion Locust",1,false,16196,https://cards.scryfall.io/normal/front/6/7/6759acb8-82c0-479f-86f3-f22ca7a2006c.jpg?1674420784,"Flying",Nino Is,common,0.03,0.02,,0.02,0.08,,"cards",false,"","B","Creature — Insect Horror",nm,"undefined","undefined",
bro,The Brothers' War,en,77,"Combat Courier",1,false,10913,https://cards.scryfall.io/normal/front/1/7/171edf80-ffc1-4894-9be5-c3e93a96f734.jpg?1674420713,"Unearth",Alix Branwyn,common,0.10,0.07,,0.09,0.19,,"cards",false,"","","Artifact Creature — Construct",nm,"undefined","undefined",
bro,The Brothers' War,en,248,"Stone Retrieval Unit",1,false,14215,https://cards.scryfall.io/normal/front/e/8/e8a36d1f-f6cc-4962-9ad6-589f7b3e5f95.jpg?1674422065,"",Andreas Zafiratos,common,0.03,0.03,,0.04,0.10,,"cards",false,"","","Artifact Creature — Construct",nm,"undefined","undefined",
bro,The Brothers' War,en,87,"Carrion Locust",1,false,16196,https://cards.scryfall.io/normal/front/6/7/6759acb8-82c0-479f-86f3-f22ca7a2006c.jpg?1674420784,"Flying",Nino Is,common,0.03,0.02,,0.02,0.08,,"cards",false,"","B","Creature — Insect Horror",nm,"undefined","undefined",
bro,The Brothers' War,en,255,"Tower Worker",1,false,13294,https://cards.scryfall.io/normal/front/f/3/f31bd134-22c8-4031-8f85-ac0855914d11.jpg?1674422123,"Reach",Gaboleps,common,0.02,0.08,,0.03,0.05,,"cards",false,"","","Artifact Creature — Assembly-Worker",nm,"undefined","undefined",
bro,The Brothers' War,en,31,"Union of the Third Path",1,false,8352,https://cards.scryfall.io/normal/front/4/8/486a0745-7360-4cc9-9cc2-30c0eda6e00c.jpg?1674420357,"",Robin Olausson,common,0.07,0.19,,0.12,0.20,,"cards",false,"","W","Instant",nm,"undefined","undefined",
bro,The Brothers' War,en,112,"Powerstone Fracture",1,false,13355,https://cards.scryfall.io/normal/front/2/3/2323301f-565a-4c0f-bffd-18386ccd1f7a.jpg?1674420973,"",Campbell White,common,0.02,0.03,,0.11,0.05,,"cards",false,"","B","Sorcery",nm,"undefined","undefined",
bro,The Brothers' War,en,119,"Dredging Claw",1,false,17760,https://cards.scryfall.io/normal/front/c/8/c8e133a2-631f-43f6-9fdd-e542d4d15e10.jpg?1684523602,"Equip",Artur Nakhodkin,common,0.01,0.02,,0.02,0.06,,"cards",false,"","","Artifact — Equipment",nm,"undefined","undefined",
bro,The Brothers' War,en,248,"Stone Retrieval Unit",1,false,14215,https://cards.scryfall.io/normal/front/e/8/e8a36d1f-f6cc-4962-9ad6-589f7b3e5f95.jpg?1674422065,"",Andreas Zafiratos,common,0.03,0.03,,0.04,0.10,,"cards",false,"","","Artifact Creature — Construct",nm,"undefined","undefined",
bro,The Brothers' War,en,119,"Dredging Claw",1,false,17760,https://cards.scryfall.io/normal/front/c/8/c8e133a2-631f-43f6-9fdd-e542d4d15e10.jpg?1684523602,"Equip",Artur Nakhodkin,common,0.01,0.02,,0.02,0.06,,"cards",false,"","","Artifact — Equipment",nm,"undefined","undefined",
bro,The Brothers' War,en,261,"Evolving Wilds",1,false,15,https://cards.scryfall.io/normal/front/2/3/238de888-b1bd-4cce-9aa2-d0dd69ae7f0d.jpg?1674422191,"",Sam Burley,common,0.08,0.18,,0.08,0.12,,"cards",false,"","","Land",nm,"Перерождающиеся Дебри","undefined",
bro,The Brothers' War,en,110,"Overwhelming Remorse",1,false,4186,https://cards.scryfall.io/normal/front/2/0/202cbfa4-3b3d-47fd-84a6-892692c906d6.jpg?1674420959,"",Ryan Valle,common,0.08,0.30,,0.10,0.27,,"cards",false,"","B","Instant",nm,"undefined","undefined",
bro,The Brothers' War,en,113,"Ravenous Gigamole",1,false,17335,https://cards.scryfall.io/normal/front/2/f/2fee3328-75c2-4d13-86e1-bf3a40fbf538.jpg?1674420980,"Mill",Milivoj Ćeran,common,0.02,0.06,,0.07,0.04,,"cards",false,"","B","Creature — Mole Horror",nm,"undefined","undefined",
bro,The Brothers' War,en,106,"Kill-Zone Acrobat",1,false,22733,https://cards.scryfall.io/normal/front/4/8/48f97974-bb65-46b0-a710-12fa4b9343ac.jpg?1674420931,"",Justine Cruz,common,0.02,0.01,,0.06,0.07,,"cards",false,"","B","Creature — Human Soldier",nm,"undefined","undefined",
bro,The Brothers' War,en,87,"Carrion Locust",1,false,16196,https://cards.scryfall.io/normal/front/6/7/6759acb8-82c0-479f-86f3-f22ca7a2006c.jpg?1674420784,"Flying",Nino Is,common,0.03,0.02,,0.02,0.08,,"cards",false,"","B","Creature — Insect Horror",nm,"undefined","undefined",
bro,The Brothers' War,en,6,"Disenchant",1,false,782,https://cards.scryfall.io/normal/front/6/5/658c5caa-d739-4d30-a512-43ac4de900cb.jpg?1674420161,"",Richard Kane Ferguson,common,0.04,0.16,,0.04,0.16,,"cards",false,"","W","Instant",nm,"Разочарование","undefined",
bro,The Brothers' War,en,20,"Powerstone Engineer",1,false,18683,https://cards.scryfall.io/normal/front/2/9/2901c5f6-5d83-437d-b434-d9beb115dd82.jpg?1674420273,"",Scott Murphy,common,0.03,0.01,,0.05,0.07,,"cards",false,"","W","Creature — Human Artificer",nm,"undefined","undefined",
bro,The Brothers' War,en,1,"Aeronaut Cavalry",1,false,19069,https://cards.scryfall.io/normal/front/3/8/38a62bb2-bc33-44d4-9a7e-92c9ea7d3c2c.jpg?1674420122,"Flying",Lorenzo Mastroianni,common,0.02,0.03,,0.03,0.14,,"cards",false,"","W","Creature — Human Soldier",nm,"undefined","undefined",
bro,The Brothers' War,en,37,"Scrapwork Cohort",1,false,15852,https://cards.scryfall.io/normal/front/9/1/91b0f17e-603a-4840-b2c3-381ec6f102f3.jpg?1674420409,"Unearth",Caio Monteiro,common,0.01,0.01,,0.04,0.04,,"cards",false,"","","Artifact Creature — Soldier",nm,"undefined","undefined",
bro,The Brothers' War,en,28,"Survivor of Korlis",1,false,17886,https://cards.scryfall.io/normal/front/8/1/817bcc8d-a5b7-448c-a3eb-825dc65944ec.jpg?1674420335,"First strike,Scry",Julia Metzger,common,0.02,0.06,,0.04,0.05,,"cards",false,"","W","Creature — Human Soldier",nm,"undefined","undefined",
bro,The Brothers' War,en,33,"Yotian Medic",1,false,19265,https://cards.scryfall.io/normal/front/f/2/f21b9c48-6eca-4677-961b-614f5ec594ce.jpg?1674420379,"Lifelink",Aaron J. Riley,common,0.03,0.01,,0.08,0.04,,"cards",false,"","W","Creature — Human Cleric Soldier",nm,"undefined","undefined",
bro,The Brothers' War,en,32,"Warlord's Elite",1,false,22234,https://cards.scryfall.io/normal/front/1/8/1873cc9e-30b6-498e-b008-9d11a8bbf9b9.jpg?1674420366,"",Joshua Raphael,common,0.02,0.01,,0.07,0.08,,"cards",false,"","W","Creature — Human Soldier",nm,"undefined","undefined",
bro,The Brothers' War,en,110,"Overwhelming Remorse",1,false,4186,https://cards.scryfall.io/normal/front/2/0/202cbfa4-3b3d-47fd-84a6-892692c906d6.jpg?1674420959,"",Ryan Valle,common,0.08,0.30,,0.10,0.27,,"cards",false,"","B","Instant",nm,"undefined","undefined",
bro,The Brothers' War,en,119,"Dredging Claw",1,false,17760,https://cards.scryfall.io/normal/front/c/8/c8e133a2-631f-43f6-9fdd-e542d4d15e10.jpg?1684523602,"Equip",Artur Nakhodkin,common,0.01,0.02,,0.02,0.06,,"cards",false,"","","Artifact — Equipment",nm,"undefined","undefined",
