set,set_name,lang,number,name,quantity,is_foil,edhrec_rank,image_url,keywords,artist,rarity,price_usd,price_usd_foil,price_usd_etched,price_eur,price_eur_foil,price_eur_etched,collection,is_list,frame,colors,types,condition,ru_name,promo_types
ltr,The Lord of the Rings: Tales of Middle-earth,en,309,"Gollum, Patient Plotter",1,true,4062,https://cards.scryfall.io/normal/front/a/8/a881aa61-fc7c-4ffb-a129-f75be8b2e498.jpg?1686970969,"",Dominik Mayer,uncommon,0.05,0.10,,0.11,0.32,,"binder",false,"legendary,showcase","B","Legendary Creature — Halfling Horror",nm,"undefined","boosterfun"
ltr,The Lord of the Rings: Tales of Middle-earth,en,99,"Nasty End",1,false,2995,https://cards.scryfall.io/normal/front/c/3/c34f88d7-15a1-434f-88d7-3d4fcf406d54.jpg?1686968630,"",Valera Lutfullina,common,0.07,0.17,,0.08,0.10,,"binder",false,"","B","Instant",nm,"undefined","undefined"
ltr,The Lord of the Rings: Tales of Middle-earth,en,108,"Shelob's Ambush",1,false,9379,https://cards.scryfall.io/normal/front/2/5/25e69fa8-7339-4bfa-8e35-9cbfe0001d8b.jpg?1686968721,"Food",Simon Dominic,common,0.02,0.11,,0.06,0.17,,"binder",false,"","B","Instant",nm,"undefined","undefined"
ltr,The Lord of the Rings: Tales of Middle-earth,en,20,"Hobbit's Sting",1,false,9568,https://cards.scryfall.io/normal/front/0/1/019eab42-9e0c-4958-ac97-74d3db5580f3.jpg?1686967829,"",Viko Menezes,common,0.02,0.11,,0.08,0.16,,"binder",false,"","W","Instant",nm,"undefined","undefined"
ltr,The Lord of the Rings: Tales of Middle-earth,en,182,"Pippin's Bravery",1,false,12253,https://cards.scryfall.io/normal/front/b/c/bc60dc65-6813-4d57-877b-df195ed00d00.jpg?1686969536,"",John Tedrick,common,0.02,0.04,,0.06,0.24,,"binder",false,"","G","Instant",nm,"undefined","undefined"
ltr,The Lord of the Rings: Tales of Middle-earth,en,214,"Mauhúr, Uruk-hai Captain",2,false,5709,https://cards.scryfall.io/normal/front/6/5/65e9a757-7ed4-4cc0-bb6f-a59fa69b32a5.jpg?1686969884,"Menace",Javier Charro,uncommon,0.06,0.31,,0.08,0.24,,"binder",false,"legendary","B,R","Legendary Creature — Orc Soldier",nm,"undefined","undefined"
ltr,The Lord of the Rings: Tales of Middle-earth,en,116,"Book of Mazarbul",1,false,8079,https://cards.scryfall.io/normal/front/0/4/04dcef75-6f98-4233-ae32-6fe41724c8e0.jpg?1688569131,"Amass",Randy Gallegos,uncommon,0.04,0.20,,0.10,0.16,,"binder",false,"","R","Enchantment — Saga",nm,"undefined","undefined"
ltr,The Lord of the Rings: Tales of Middle-earth,en,198,"Denethor, Ruling Steward",1,false,8375,https://cards.scryfall.io/normal/front/f/a/fa8654cf-431c-427b-b78f-0e48f6007e9e.jpg?1686969711,"",Campbell White,uncommon,0.08,0.21,,0.09,0.17,,"binder",false,"legendary","B,W","Legendary Creature — Human Noble",nm,"undefined","undefined"
lci,The Lost Caverns of Ixalan,en,89,"Acolyte of Aclazotz",1,false,14817,https://cards.scryfall.io/normal/front/9/9/99009400-ffa4-40af-8305-78295ae605ac.jpg?1699044065,"",Irina Nordsol,common,0.02,0.05,,0.06,0.18,,"binder",false,"","B","Creature — Vampire Cleric",nm,"undefined","undefined"
lci,The Lost Caverns of Ixalan,en,105,"Fanatical Offering",1,false,9156,https://cards.scryfall.io/normal/front/d/8/d896dd52-b134-4b55-ab91-ccb05ecc50f4.jpg?1699044130,"Explore",Raluca Marinescu,common,0.10,0.44,,0.38,0.40,,"binder",false,"","B","Instant",nm,"undefined","undefined"
lci,The Lost Caverns of Ixalan,en,190,"Huatli's Final Strike",1,false,17641,https://cards.scryfall.io/normal/front/1/2/1247a5fa-b50a-4ab1-96ca-dbeb45bd0b56.jpg?1699044417,"",Marta Nael,common,0.02,0.02,,0.09,0.05,,"binder",false,"","G","Instant",nm,"undefined","undefined"
lci,The Lost Caverns of Ixalan,en,149,"Etali's Favor",2,false,12329,https://cards.scryfall.io/normal/front/6/d/6d4075a8-c15d-4078-bf4b-0f85c03fecec.jpg?1699044282,"Discover,Enchant",Matt Stewart,common,0.05,0.05,,0.12,0.14,,"binder",false,"","R","Enchantment — Aura",nm,"undefined","undefined"
lci,The Lost Caverns of Ixalan,en,11,"Envoy of Okinec Ahau",3,false,21245,https://cards.scryfall.io/normal/front/9/6/96de0741-9270-4118-bb8e-f3480c75a582.jpg?1699043160,"",Zoltan Boros,common,0.03,0.02,,0.05,0.05,,"binder",false,"","W","Creature — Cat Advisor",nm,"undefined","undefined"
lci,The Lost Caverns of Ixalan,en,91,"Bitter Triumph",1,false,5652,https://cards.scryfall.io/normal/front/0/5/05bdd22c-3e11-4c29-bdfa-d3dfc0e90a9f.jpg?1699044085,"",Donato Giancola,uncommon,1.92,3.38,,0.94,1.57,,"binder",false,"","B","Instant",nm,"undefined","undefined"
lci,The Lost Caverns of Ixalan,en,42,"Vanguard of the Rose",1,false,21842,https://cards.scryfall.io/normal/front/0/2/0200c504-9137-4bc2-9cd4-eaf0643a2855.jpg?1699043492,"",Alex Brock,uncommon,0.03,0.02,,0.04,0.06,,"binder",false,"","W","Creature — Vampire Knight",nm,"undefined","undefined"
lci,The Lost Caverns of Ixalan,en,29,"Oteclan Landmark // Oteclan Levitator",2,false,15221,https://cards.scryfall.io/normal/front/0/9/099a1d1c-72ba-468e-9385-8f93e1fce001.jpg?1699049968,"Scry,Flying,Craft,Transform",Warren Mahy,common,0.01,0.02,,0.11,0.04,,"binder",false,"","W","Artifact // Artifact Creature — Golem",nm,"undefined","undefined"
lci,The Lost Caverns of Ixalan,en,276,"Hidden Nursery",2,false,7316,https://cards.scryfall.io/normal/front/a/9/a942939a-c06e-4b90-a404-ae5acfffcff9.jpg?1699044686,"Discover",Álvaro Calvo Escudero,common,0.07,0.18,,0.08,0.08,,"binder",false,"","","Land — Cave",nm,"undefined","undefined"
lci,The Lost Caverns of Ixalan,en,49,"Cogwork Wrestler",2,false,19601,https://cards.scryfall.io/normal/front/a/9/a9d329ad-6b19-4aa7-a53f-38c7b76c4c96.jpg?1699043571,"Flash",Tomek Larek,common,0.02,0.06,,0.06,0.09,,"binder",false,"","U","Artifact Creature — Gnome",nm,"undefined","undefined"
lci,The Lost Caverns of Ixalan,en,253,"Disruptor Wanderglyph",1,false,21407,https://cards.scryfall.io/normal/front/7/8/7802ca61-6fcc-4965-9f8f-dd58fe82c6bf.jpg?1699044608,"",Izzy,common,0.01,0.02,,0.05,0.04,,"binder",false,"","","Artifact Creature — Golem",nm,"undefined","undefined"
lci,The Lost Caverns of Ixalan,en,131,"Abrade",2,false,178,https://cards.scryfall.io/normal/front/4/7/47f39b5e-2e85-4f31-bbab-0b0bf58f701d.jpg?1699044218,"",Bartek Fedyczak,common,0.10,0.20,,0.07,0.14,,"binder",false,"","R","Instant",nm,"Истирание","undefined"
lci,The Lost Caverns of Ixalan,en,172,"Volatile Wanderglyph",1,false,18493,https://cards.scryfall.io/normal/front/2/1/2101921a-d26f-4a00-a0db-1b418f2e6b01.jpg?1699044357,"",Slawomir Maniak,common,0.01,0.01,,0.16,0.08,,"binder",false,"","R","Artifact Creature — Golem",nm,"undefined","undefined"
lci,The Lost Caverns of Ixalan,en,68,"Orazca Puzzle-Door",2,false,19143,https://cards.scryfall.io/normal/front/2/7/27acf726-52f5-493d-8678-c12485f67747.jpg?1699043863,"",Cristi Balanescu,common,0.02,0.04,,0.07,0.08,,"binder",false,"","U","Artifact",nm,"undefined","undefined"
lci,The Lost Caverns of Ixalan,en,107,"Gargantuan Leech",1,false,23763,https://cards.scryfall.io/normal/front/9/4/94724efb-4785-4751-9fe1-07f243dd6008.jpg?1699044138,"Lifelink",Piotr Foksowicz,uncommon,0.04,0.06,,0.08,0.12,,"binder",false,"","B","Creature — Leech",nm,"undefined","undefined"
lci,The Lost Caverns of Ixalan,en,5,"Bat Colony",1,false,23157,https://cards.scryfall.io/normal/front/1/c/1c02134c-ec9f-4090-820e-8ba7ae4a8c2b.jpg?1699043091,"",Cristi Balanescu,uncommon,0.05,0.09,,0.04,0.11,,"binder",false,"","W","Enchantment",nm,"undefined","undefined"
lci,The Lost Caverns of Ixalan,en,260,"Scampering Surveyor",1,false,12485,https://cards.scryfall.io/normal/front/a/f/afcb2a90-d4c0-4c83-8ee7-2ac3a23b4402.jpg?1699392494,"",Xavier Ribeiro,uncommon,0.03,0.13,,0.09,0.12,,"binder",false,"","","Artifact Creature — Gnome",nm,"undefined","undefined"
lci,The Lost Caverns of Ixalan,en,279,"Promising Vein",2,false,7714,https://cards.scryfall.io/normal/front/e/9/e9681a54-6413-4ff4-b6b1-ee4decb25bfa.jpg?1699044695,"",Julian Kok Joon Wen,common,0.04,0.11,,0.10,0.10,,"binder",false,"","","Land — Cave",nm,"undefined","undefined"
lci,The Lost Caverns of Ixalan,en,66,"Oaken Siren",2,false,15663,https://cards.scryfall.io/normal/front/d/7/d7731ef5-da74-4436-8ee7-01c065cbefae.jpg?1699043837,"Flying,Vigilance",Lars Grant-West,common,0.02,0.04,,0.09,0.05,,"binder",false,"","U","Artifact Creature — Siren Pirate",nm,"undefined","undefined"
lci,The Lost Caverns of Ixalan,en,15,"Glorifier of Suffering",3,false,19841,https://cards.scryfall.io/normal/front/7/5/7580ad36-7362-4dee-9511-d119173b70e8.jpg?1699043195,"",Lauren K. Cannon,common,0.02,0.03,,0.11,0.07,,"binder",false,"","W","Creature — Vampire Soldier",nm,"undefined","undefined"
lci,The Lost Caverns of Ixalan,en,112,"Mephitic Draught",2,false,13416,https://cards.scryfall.io/normal/front/a/d/adcae196-dbcc-44d5-b700-c57b0b646483.jpg?1699044154,"",Lauren K. Cannon,common,0.06,0.18,,0.07,0.15,,"binder",false,"","B","Artifact",nm,"undefined","undefined"
lci,The Lost Caverns of Ixalan,en,86,"Zoetic Glyph",1,false,20393,https://cards.scryfall.io/normal/front/a/2/a2f498ac-179e-4055-9b83-97bcc5ab1bb9.jpg?1699044026,"Discover,Enchant",Yeong-Hao Han,uncommon,0.07,0.23,,0.06,0.16,,"binder",false,"","U","Enchantment — Aura",nm,"undefined","undefined"
lci,The Lost Caverns of Ixalan,en,130,"Vito's Inquisitor",1,false,18358,https://cards.scryfall.io/normal/front/9/0/9030048a-b866-4a89-8d4a-aa55411463e4.jpg?1699044215,"",Anna Pavleeva,common,0.02,0.03,,0.06,0.04,,"binder",false,"","B","Creature — Vampire Knight",nm,"undefined","undefined"
lci,The Lost Caverns of Ixalan,en,125,"Synapse Necromage",2,false,15852,https://cards.scryfall.io/normal/front/e/f/efeb22a4-37bf-487a-9cf4-74de4cbbc0a3.jpg?1699044194,"",Piotr Foksowicz,uncommon,0.03,0.05,,0.03,0.12,,"binder",false,"","B","Creature — Fungus Wizard",nm,"undefined","undefined"
lci,The Lost Caverns of Ixalan,en,220,"Akawalli, the Seething Tower",1,false,11486,https://cards.scryfall.io/normal/front/3/e/3ee62dd1-97d0-4e5d-8937-26c9e51e9414.jpg?1699044515,"Descend",Simon Dominic,uncommon,0.03,0.04,,0.07,0.10,,"binder",false,"legendary","B,G","Legendary Creature — Fungus",nm,"undefined","undefined"
lci,The Lost Caverns of Ixalan,en,152,"Goldfury Strider",3,false,22105,https://cards.scryfall.io/normal/front/4/1/415904fe-b77f-4c1a-850f-688484d629e6.jpg?1699044290,"Trample",José Parodi,uncommon,0.02,0.04,,0.04,0.10,,"binder",false,"","R","Artifact Creature — Golem",nm,"undefined","undefined"
2x2,Double Masters 2022,en,32,"Teferi's Protection",1,false,72,https://cards.scryfall.io/normal/front/4/8/483fa1cb-1e35-44f2-a143-98c0f107f5ca.jpg?1673147148,"",Chase Stone,rare,37.73,38.53,,27.93,30.29,,"binder",false,"","W","Instant",nm,"undefined","undefined"
lci,The Lost Caverns of Ixalan,en,274,"Hidden Courtyard",1,false,8610,https://cards.scryfall.io/normal/front/b/8/b8685d46-99fc-44b3-be95-707a4b7b8327.jpg?1699044679,"Discover",Josu Solano,common,0.04,0.12,,0.08,0.09,,"binder",false,"","","Land — Cave",nm,"undefined","undefined"
lci,The Lost Caverns of Ixalan,en,169,"Tectonic Hazard",2,false,8072,https://cards.scryfall.io/normal/front/5/2/5204c781-f568-4c7f-b3f7-ce4dd678689b.jpg?1699044348,"",Jarel Threat,common,0.07,0.26,,0.11,0.24,,"binder",false,"","R","Sorcery",nm,"undefined","undefined"
lci,The Lost Caverns of Ixalan,en,136,"Brazen Blademaster",1,false,20797,https://cards.scryfall.io/normal/front/8/e/8e9e0c66-f64a-428c-be13-a52691833df1.jpg?1699044235,"",Jarel Threat,common,0.02,0.01,,0.08,0.04,,"binder",false,"","R","Creature — Orc Pirate",nm,"undefined","undefined"
lci,The Lost Caverns of Ixalan,en,259,"Runaway Boulder",2,false,18799,https://cards.scryfall.io/normal/front/0/6/06d47a3b-dc66-48d8-981b-dde0ccc34ad5.jpg?1699044629,"Flash,Cycling",Loïc Canavaggia,common,0.01,0.05,,0.04,0.10,,"binder",false,"","","Artifact",nm,"undefined","undefined"
lci,The Lost Caverns of Ixalan,en,69,"Out of Air",1,false,15507,https://cards.scryfall.io/normal/front/c/2/c263db55-fcac-4b49-b626-7c8092accfcd.jpg?1699043872,"",Francisco Miyara,common,0.06,0.03,,0.10,0.07,,"binder",false,"","U","Instant",nm,"undefined","undefined"
lci,The Lost Caverns of Ixalan,en,109,"Greedy Freebooter",2,false,9071,https://cards.scryfall.io/normal/front/6/9/692fe4e8-13b4-4bec-938e-a8073a7fbd71.jpg?1699044146,"Treasure,Scry",David Palumbo,common,0.09,0.31,,0.11,0.20,,"binder",false,"","B","Creature — Human Pirate",nm,"undefined","undefined"
lci,The Lost Caverns of Ixalan,en,184,"Explorer's Cache",1,false,15259,https://cards.scryfall.io/normal/front/8/6/86b36214-9c7e-4a24-93d4-17b2d00cbc51.jpg?1699044394,"",Marzena Nereida Piwowar,uncommon,0.04,0.09,,0.10,0.12,,"binder",false,"","G","Artifact",nm,"undefined","undefined"
lci,The Lost Caverns of Ixalan,en,215,"Tendril of the Mycotyrant",1,false,16894,https://cards.scryfall.io/normal/front/a/f/afa464fe-978f-43de-ac35-79be4b12f0d9.jpg?1699044498,"",Maxime Minard,uncommon,0.03,0.03,,0.09,0.19,,"binder",false,"","G","Creature — Fungus Wizard",nm,"undefined","undefined"
lci,The Lost Caverns of Ixalan,en,146,"Dowsing Device // Geode Grotto",1,false,10080,https://cards.scryfall.io/normal/front/3/d/3d715e9f-223d-462e-8ce3-eebbaf1cd021.jpg?1699044274,"Transform",Olena Richards,uncommon,0.03,0.23,,0.11,0.12,,"binder",false,"","R","Artifact // Land — Cave",nm,"undefined","undefined"
lci,The Lost Caverns of Ixalan,en,1,"Abuelo's Awakening",2,false,18160,https://cards.scryfall.io/normal/front/f/9/f93b725e-2b9c-4830-ac54-b2562afe09bb.jpg?1699043056,"",Eelis Kyttanen,rare,0.12,0.10,,0.12,0.10,,"binder",false,"","W","Sorcery",nm,"undefined","undefined"
lci,The Lost Caverns of Ixalan,en,31,"Quicksand Whirlpool",1,true,20402,https://cards.scryfall.io/normal/front/a/7/a74ddccb-ebbd-4fad-a9b6-6b9e9bafae31.jpg?1699043354,"",LA Draws,common,0.02,0.02,,0.11,0.09,,"binder",false,"","W","Instant",nm,"undefined","undefined"
lrw,Lorwyn,ru,33,"Oaken Brawler",1,false,21923,https://cards.scryfall.io/normal/front/e/9/e9fdb060-8f4d-453a-9516-92c390fbc85a.jpg?1562372753,"Clash",Jim Murray,common,0.14,0.30,,0.10,0.28,,"binder",true,"","W","Creature — Treefolk Warrior",nm,"Дубовик-Буян","undefined"
stx,Strixhaven: School of Mages,ru,131,"Field Trip",1,false,12628,https://cards.scryfall.io/normal/front/f/2/f235060a-eb49-4a73-bb5f-01228c3c4070.jpg?1624592751,"Learn",Piotr Dura,common,0.01,0.06,,0.10,0.10,,"binder",false,"","G","Sorcery",nm,"Учебная Экскурсия","undefined"
stx,Strixhaven: School of Mages,ru,271,"Quandrix Campus",1,false,3666,https://cards.scryfall.io/normal/front/f/7/f788da28-481b-41fa-a70c-b53db6b0f068.jpg?1624741033,"Scry",Piotr Dura,common,0.10,0.17,,0.08,0.19,,"binder",false,"","","Land",nm,"Кампус Квандрикса","undefined"
mh2,Modern Horizons 2,ru,222,"Bottle Golems",1,false,12467,https://cards.scryfall.io/normal/front/5/1/513a36a1-b2e3-4779-b8a7-66f01c488bf0.jpg?1626098970,"Trample",Kev Walker,common,0.02,0.04,,0.11,0.11,,"binder",false,"","","Artifact Creature — Golem",nm,"Бутылочные Големы","undefined"
mh2,Modern Horizons 2,ru,107,"Vermin Gorger",1,false,9778,https://cards.scryfall.io/normal/front/d/3/d3166b10-5bc3-4db6-bb5b-81045d98e446.jpg?1626096163,"",Tobias Kwan,common,0.03,0.11,,0.05,0.16,,"binder",false,"","B","Creature — Vampire",nm,"Пожиратель Вредителей","undefined"
eld,Throne of Eldraine,ru,156,"Garenbrig Carver // Shield's Might",1,false,13833,https://cards.scryfall.io/normal/front/1/9/194b7a1c-291a-470e-9a40-61b72a46793b.jpg?1572490548,"",Lucas Graciano,common,0.02,0.07,,0.04,0.12,,"binder",false,"","G","Creature — Human Warrior // Instant — Adventure",nm,"Гаренбригский Резчик // Мощь Щита","undefined"
eld,Throne of Eldraine,ru,180,"Tuinvale Treefolk // Oaken Boon",1,false,10962,https://cards.scryfall.io/normal/front/8/b/8bc518fc-904e-4e39-aeda-ffb222bfcc82.jpg?1572490693,"",Jason A. Engle,common,0.05,0.16,,0.05,0.15,,"binder",false,"","G","Creature — Treefolk Druid // Sorcery — Adventure",nm,"Лесовик из Туинвейла // Дубовый Дар","undefined"
eld,Throne of Eldraine,ru,64,"So Tiny",1,false,19238,https://cards.scryfall.io/normal/front/4/2/421650f2-1b34-4a36-9675-9424997c9d0b.jpg?1572489991,"Enchant,Flash",Randy Vargas,common,0.04,0.07,,0.10,0.11,,"binder",false,"","U","Enchantment — Aura",nm,"Такой Крохотный","undefined"
eld,Throne of Eldraine,ru,140,"Searing Barrage",1,false,19445,https://cards.scryfall.io/normal/front/d/2/d2f11135-e9ce-4e4c-bea7-72a46d326e40.jpg?1572490453,"Adamant",Allen Williams,common,0.02,0.05,,0.02,0.07,,"binder",false,"","R","Instant",nm,"Испепеляющий Залп","undefined"
cmm,Commander Masters,en,30,"Herald of the Host",1,false,7779,https://cards.scryfall.io/normal/front/e/8/e8d57d75-275d-45c8-85f4-aab230af35b2.jpg?1689995738,"Myriad,Flying,Vigilance",Nils Hamm,uncommon,0.14,0.28,,0.14,0.33,,"binder",false,"","W","Creature — Angel",nm,"undefined","undefined"
cmm,Commander Masters,en,277,"Broken Wings",1,false,5080,https://cards.scryfall.io/normal/front/6/0/608e5d6f-c050-44d9-8a5c-09c07786b6ab.jpg?1689998387,"",Ekaterina Burmak,common,0.03,0.04,,0.08,0.26,,"binder",false,"","G","Instant",nm,"Сломанные Крылья","undefined"
cmm,Commander Masters,en,278,"Courage in Crisis",1,false,5700,https://cards.scryfall.io/normal/front/b/8/b836b0a9-c38b-423a-bf22-c9041acf1952.jpg?1689998396,"Proliferate",Micah Epstein,common,0.03,0.10,,0.12,0.19,,"binder",false,"","G","Sorcery",nm,"undefined","undefined"
cmm,Commander Masters,en,202,"Yargle, Glutton of Urborg",1,false,6365,https://cards.scryfall.io/normal/front/8/f/8febc0fe-c52d-4b6a-9d18-e1e4a43b6dc3.jpg?1689997617,"",Jehan Choo,uncommon,0.06,0.09,,0.07,0.39,,"binder",false,"legendary","B","Legendary Creature — Frog Spirit",nm,"undefined","undefined"
cmm,Commander Masters,en,242,"Makeshift Munitions",2,false,7669,https://cards.scryfall.io/normal/front/6/0/60715b6d-b223-431a-85d8-27d7c05469b2.jpg?1689998038,"",Filip Burburan,common,0.08,0.13,,0.20,0.17,,"binder",false,"","R","Enchantment",nm,"Самодельные Снаряды","undefined"
cmm,Commander Masters,en,397,"Letter of Acceptance",1,false,6013,https://cards.scryfall.io/normal/front/a/e/ae094ace-1760-4bdd-a513-04616fb0deeb.jpg?1689999682,"",Daniel Ljunggren,common,0.02,0.08,,0.10,0.08,,"binder",false,"","","Artifact",nm,"Письмо о Поступлении","undefined"
cmm,Commander Masters,en,418,"Vulshok Battlegear",1,false,18577,https://cards.scryfall.io/normal/front/8/3/8363acf3-eff9-4f57-8b8a-683256d279e0.jpg?1689999891,"Equip",Kevin Dobler,common,0.03,0.08,,0.05,0.13,,"binder",false,"","","Artifact — Equipment",nm,"undefined","undefined"
cmm,Commander Masters,en,417,"Vial of Dragonfire",1,false,20988,https://cards.scryfall.io/normal/front/c/9/c924502b-a49e-4bf6-9e1a-9aa83f279228.jpg?1689999882,"",Franz Vohwinkel,common,0.02,0.06,,0.02,0.05,,"binder",false,"","","Artifact",nm,"Флакон Драконьего Огня","undefined"
cmm,Commander Masters,en,223,"Fists of Flame",1,false,1879,https://cards.scryfall.io/normal/front/6/b/6b34af88-bc4e-4ca8-8662-7dc4050c62c5.jpg?1689997821,"",Steve Argyle,common,0.07,0.20,,0.12,0.19,,"binder",false,"","R","Instant",nm,"undefined","undefined"
cmm,Commander Masters,en,154,"Drown in Sorrow",1,false,16043,https://cards.scryfall.io/normal/front/4/5/4512357b-0d08-4996-9301-5853eae1ea64.jpg?1690007607,"Scry",Valera Lutfullina,common,0.14,0.18,,0.24,0.32,,"binder",false,"","B","Sorcery",nm,"undefined","undefined"
cmm,Commander Masters,en,210,"Champion of the Flame",1,false,6529,https://cards.scryfall.io/normal/front/2/0/203dba7d-5e89-4a5a-998a-c26bf17c92f9.jpg?1689997690,"Trample",Wayne Reynolds,common,0.03,0.08,,0.09,0.11,,"binder",false,"","R","Creature — Human Warrior",nm,"undefined","undefined"
cmm,Commander Masters,en,219,"Dwarven Hammer",1,false,11545,https://cards.scryfall.io/normal/front/c/4/c47f7ea0-3cda-4e62-bd10-32854ed2e260.jpg?1689997779,"Equip",Raoul Vitale,common,0.03,0.09,,0.04,0.11,,"binder",false,"","R","Artifact — Equipment",nm,"Гномий Молот","undefined"
cmm,Commander Masters,en,257,"Spitebellows",2,false,10815,https://cards.scryfall.io/normal/front/e/3/e35c0bea-c956-412a-b30b-9f75207cd493.jpg?1690007644,"Evoke",Brent Hollowell,common,0.04,0.05,,0.11,0.18,,"binder",false,"","R","Creature — Elemental",nm,"Злоборык","undefined"
cmm,Commander Masters,en,175,"Nadier's Nightblade",1,false,930,https://cards.scryfall.io/normal/front/1/c/1cd606c3-795a-49d8-8b75-6a3aacb4a72f.jpg?1689997335,"",Randy Vargas,common,0.20,0.96,,0.25,0.33,,"binder",false,"","B","Creature — Elf Warrior",nm,"undefined","undefined"
cmm,Commander Masters,en,211,"Crimson Fleet Commodore",1,false,8668,https://cards.scryfall.io/normal/front/e/d/edf54657-5943-4a45-a296-dc91c41109d4.jpg?1689997698,"Trample",Sidharth Chaturvedi,common,0.04,0.07,,0.13,0.23,,"binder",false,"","R","Creature — Ogre Pirate",nm,"undefined","undefined"
cmm,Commander Masters,en,415,"Thran Dynamo",1,false,214,https://cards.scryfall.io/normal/front/7/c/7ce5f12e-fc02-42f8-a5ca-b523050d4650.jpg?1689999865,"",Ron Spears,uncommon,1.71,1.75,,1.16,1.40,,"binder",false,"","","Artifact",nm,"undefined","undefined"
cmm,Commander Masters,en,251,"Rorix Bladewing",1,false,15334,https://cards.scryfall.io/normal/front/3/2/32668329-2f62-48ed-8da3-3cb0c3692ed9.jpg?1690016965,"Flying,Haste",Clint Cearley,uncommon,0.07,0.08,,0.09,0.15,,"binder",false,"legendary","R","Legendary Creature — Dragon",nm,"undefined","undefined"
cmm,Commander Masters,en,171,"Lotleth Giant",1,false,10901,https://cards.scryfall.io/normal/front/0/9/09237f1b-eff6-45bf-bd7d-a883deda122a.jpg?1689997288,"Undergrowth",Alex Konstad,common,0.05,0.12,,0.13,0.29,,"binder",false,"","B","Creature — Zombie Giant",nm,"undefined","undefined"
cmm,Commander Masters,en,249,"Rapacious One",1,false,10329,https://cards.scryfall.io/normal/front/2/f/2f8e2ef7-fabd-4ae9-8224-5acb3fd7d1ae.jpg?1689998110,"Trample",Jason A. Engle,common,0.04,0.08,,0.06,0.13,,"binder",false,"","R","Creature — Eldrazi Drone",nm,"undefined","undefined"
cmm,Commander Masters,en,428,"Terramorphic Expanse",1,false,26,https://cards.scryfall.io/normal/front/a/0/a04f0013-097c-46ec-9424-d5f417e6a9cf.jpg?1689999986,"",Andreas Rocha,common,0.20,1.72,,0.09,0.33,,"binder",false,"","","Land",nm,"Просторы Преображенных Земель","undefined"
cmm,Commander Masters,en,142,"Carrier Thrall",1,false,5922,https://cards.scryfall.io/normal/front/7/7/772e551c-0b47-4ccb-8893-f192de92908e.jpg?1689996936,"",Lius Lasahido,common,0.04,0.07,,0.05,0.13,,"binder",false,"","B","Creature — Vampire",nm,"undefined","undefined"
cmm,Commander Masters,en,230,"Havoc Jester",2,false,8234,https://cards.scryfall.io/normal/front/a/7/a7790d21-4751-4f1b-a7f4-2bbcf842b0b6.jpg?1689997901,"",Jason A. Engle,uncommon,0.04,0.10,,0.11,0.14,,"binder",false,"","R","Creature — Devil",nm,"Шут Хаоса","undefined"
cmm,Commander Masters,en,152,"Dread Drone",1,false,15397,https://cards.scryfall.io/normal/front/2/9/29ef119f-e777-42e7-be43-ea1f31d7ce59.jpg?1689997072,"",Raymond Swanland,common,0.02,0.03,,0.12,0.07,,"binder",false,"","B","Creature — Eldrazi Drone",nm,"undefined","undefined"
cmm,Commander Masters,en,400,"Myr Sire",1,false,4524,https://cards.scryfall.io/normal/front/1/1/11ba43d1-e879-40e0-b49c-e009deb7e3aa.jpg?1689999714,"",Jaime Jones,common,0.04,0.10,,0.12,0.15,,"binder",false,"","","Artifact Creature — Phyrexian Myr",nm,"undefined","undefined"
cmm,Commander Masters,en,141,"Cadaver Imp",1,false,6846,https://cards.scryfall.io/normal/front/f/0/f06ab823-9591-460d-a896-3073d9843df0.jpg?1689996923,"Flying",Dave Kendall,common,0.03,0.16,,0.04,0.15,,"binder",false,"","B","Creature — Imp",nm,"undefined","undefined"
cmm,Commander Masters,en,174,"Mire Triton",1,false,4698,https://cards.scryfall.io/normal/front/a/0/a070b7af-7c85-4129-81ca-e2ec0540085e.jpg?1689997319,"Mill,Deathtouch",Seb McKinnon,common,0.08,0.16,,0.13,0.30,,"binder",false,"","B","Creature — Zombie Merfolk",nm,"Тритон Трясины","undefined"
cmm,Commander Masters,en,170,"Legion Vanguard",1,false,11890,https://cards.scryfall.io/normal/front/1/1/11ea9ea5-acf1-4980-b7e5-083da455adb0.jpg?1689997278,"Explore",John Stanko,common,0.04,0.08,,0.11,0.18,,"binder",false,"","B","Creature — Vampire Soldier",nm,"Авангард Легиона","undefined"
cmm,Commander Masters,en,256,"Spikeshot Goblin",1,false,13527,https://cards.scryfall.io/normal/front/a/e/ae922301-181d-4824-802d-e3ba1714cade.jpg?1689998183,"",Alan Pollack,common,0.06,0.10,,0.04,0.33,,"binder",false,"","R","Creature — Goblin Shaman",nm,"undefined","undefined"
cmm,Commander Masters,en,198,"Whisper, Blood Liturgist",1,false,2946,https://cards.scryfall.io/normal/front/8/2/82ce13b0-372d-4664-a888-85f4c72e030d.jpg?1689997576,"",Kieran Yanner,uncommon,0.20,0.19,,0.12,0.26,,"binder",false,"legendary","B","Legendary Creature — Human Cleric",nm,"undefined","undefined"
cmm,Commander Masters,en,199,"Witch's Cauldron",1,false,7702,https://cards.scryfall.io/normal/front/5/1/51c15046-dd24-41aa-96f3-fb008a6988dd.jpg?1689997587,"",Jason A. Engle,common,0.04,0.10,,0.03,0.16,,"binder",false,"","B","Artifact",nm,"Ведьмин Котел","undefined"
cmm,Commander Masters,en,208,"Blood Aspirant",1,false,10391,https://cards.scryfall.io/normal/front/0/7/075947cd-2e06-486a-83a7-97321445a679.jpg?1689997671,"",Tyler Walpole,common,0.02,0.04,,0.05,0.14,,"binder",false,"","R","Creature — Satyr Berserker",nm,"Жаждущий Крови","undefined"
cmm,Commander Masters,en,201,"Yahenni, Undying Partisan",1,false,898,https://cards.scryfall.io/normal/front/2/c/2c0c19c3-0ea6-4b05-9cde-e9863b1fbe04.jpg?1690017067,"Haste",Lius Lasahido,uncommon,0.55,0.64,,0.27,0.79,,"binder",false,"legendary","B","Legendary Creature — Aetherborn Vampire",nm,"undefined","undefined"
ths,Theros,en,137,"Rage of Purphoros",1,false,24032,https://cards.scryfall.io/normal/front/1/e/1e249f31-cc67-4d0c-9db5-962d10cf74ca.jpg?1562815456,"Scry",Mathias Kollros,common,0.04,0.10,,0.05,0.09,,"binder",false,"","R","Sorcery",nm,"Ярость Пирфора","undefined"
afr,Adventures in the Forgotten Realms,en,324,"Bulette",1,false,17417,https://cards.scryfall.io/normal/front/4/a/4a76c993-7cc5-428f-bfbc-7747c6a566d0.jpg?1627711855,"",Pedro Potier,common,0.02,0.04,,0.05,0.15,,"binder",false,"showcase","G","Creature — Beast",nm,"Булей","boosterfun"
ths,Theros,en,245,"Mountain",1,false,,https://cards.scryfall.io/normal/front/2/9/29557b92-fded-4aa8-8db7-99168c8e70d8.jpg?1562816019,"",Raoul Vitale,common,0.09,0.56,,0.06,0.58,,"binder",false,"","","Basic Land — Mountain",nm,"Гора","undefined"
ths,Theros,en,170,"Ordeal of Nylea",1,false,2556,https://cards.scryfall.io/normal/front/e/5/e5c48950-c246-47ad-94e1-bf42a62c2fe7.jpg?1562835500,"Enchant",David Palumbo,uncommon,0.16,0.86,,0.11,0.48,,"binder",false,"","G","Enchantment — Aura",nm,"Испытание Нилеи","undefined"
ths,Theros,en,128,"Magma Jet",1,false,11343,https://cards.scryfall.io/normal/front/8/b/8b0686b0-27a2-46bc-bc04-717f368d9a78.jpg?1562821105,"Scry",Maciej Kuciara,uncommon,0.09,0.29,,0.12,0.31,,"binder",false,"","R","Instant",nm,"Струя Магмы","undefined"
ths,Theros,en,61,"Sea God's Revenge",1,false,20524,https://cards.scryfall.io/normal/front/5/a/5acdf4e4-5933-43dc-bf8b-25f89415db5b.jpg?1562818596,"Scry",Eric Velhagen,uncommon,0.05,0.20,,0.11,0.11,,"binder",false,"","U","Sorcery",nm,"Месть Морской Богини","undefined"
ths,Theros,en,157,"Fade into Antiquity",1,false,9141,https://cards.scryfall.io/normal/front/e/4/e43e46a6-f7de-482a-a386-73932d1d9002.jpg?1562835451,"",Noah Bradley,common,0.06,0.14,,0.05,0.19,,"binder",false,"","G","Sorcery",nm,"Забытая Древность","undefined"
ths,Theros,en,134,"Priest of Iroas",2,false,24262,https://cards.scryfall.io/normal/front/0/1/013ec9f5-8bf3-4067-a942-d535d011af82.jpg?1562813978,"",Clint Cearley,common,0.07,0.07,,0.03,0.13,,"binder",false,"","R","Creature — Human Cleric",nm,"Жрица Ироя","undefined"
ths,Theros,en,21,"Lagonna-Band Elder",1,false,23104,https://cards.scryfall.io/normal/front/6/8/68b9df54-e78e-4a86-a8b1-b735ec08a812.jpg?1562819312,"",Min Yum,common,0.02,0.10,,0.05,0.22,,"binder",false,"","W","Creature — Centaur Advisor",nm,"Старейшина Племени Лагонна","undefined"
ths,Theros,en,67,"Thassa's Bounty",2,false,18302,https://cards.scryfall.io/normal/front/3/a/3ac987ac-3f81-4704-b42c-651f44670641.jpg?1562816844,"Mill",Ryan Yee,common,0.02,0.23,,0.09,0.19,,"binder",false,"","U","Sorcery",nm,"Награда Тассы","undefined"
ths,Theros,en,48,"Fate Foretold",2,false,14877,https://cards.scryfall.io/normal/front/9/0/90d3ef99-6c86-4d70-a9a4-9c3cd4eb9538.jpg?1562821444,"Enchant",Dan Scott,common,0.06,0.29,,0.16,0.32,,"binder",false,"","U","Enchantment — Aura",nm,"Предсказанная Судьба","undefined"
ths,Theros,en,158,"Feral Invocation",1,false,16536,https://cards.scryfall.io/normal/front/5/c/5c1f15a2-0058-4188-9696-385fa6974bd4.jpg?1562818653,"Enchant,Flash",Mathias Kollros,common,0.03,0.19,,0.05,0.21,,"binder",false,"","G","Enchantment — Aura",nm,"Дикий Призыв","undefined"
ths,Theros,en,81,"Cavern Lampad",2,false,19463,https://cards.scryfall.io/normal/front/e/3/e340de29-026f-4c76-8cb5-1abfcecbb3b1.jpg?1562835057,"Bestow,Intimidate",Volkan Baǵa,common,0.07,0.28,,0.05,0.26,,"binder",false,"nyxtouched","B","Enchantment Creature — Nymph",nm,"Пещерная Лампада","undefined"
ths,Theros,en,111,"Akroan Crusader",1,false,7846,https://cards.scryfall.io/normal/front/a/4/a47c50d9-11ec-486b-a5ce-5a6b70858f30.jpg?1562823279,"Heroic",Johann Bodin,common,0.08,0.49,,0.09,0.38,,"binder",false,"","R","Creature — Human Soldier",nm,"Акросский Крестоносец","undefined"
ths,Theros,en,57,"Omenspeaker",1,false,10734,https://cards.scryfall.io/normal/front/f/3/f347eb88-7d1d-4ed5-b841-2bf81f00d5f0.jpg?1562838070,"Scry",Dallas Williams,common,0.06,0.16,,0.08,0.39,,"binder",false,"","U","Creature — Human Wizard",nm,"Вещунья","undefined"
ths,Theros,en,95,"Loathsome Catoblepas",1,false,26140,https://cards.scryfall.io/normal/front/4/a/4a8cff2f-ba52-4d22-83e8-13c56368f1df.jpg?1562817730,"",Christopher Burdett,common,0.05,0.10,,0.02,0.12,,"binder",false,"","B","Creature — Beast",nm,"Отвратительный Катоблепас","undefined"
znr,Zendikar Rising,ru,291,"Fearless Fledgling",1,false,11077,https://cards.scryfall.io/normal/front/4/8/48b8024d-a300-43cb-9dde-6b4cb1fa19f7.jpg?1604202315,"Landfall",Anato Finnstark,uncommon,0.05,0.08,,0.12,0.17,,"binder",false,"showcase,inverted","W","Creature — Griffin",nm,"Бесстрашный Птенец","boosterfun"
m21,Core Set 2021,ru,25,"Light of Promise",1,false,3293,https://cards.scryfall.io/normal/front/d/5/d5f80411-0a95-4e0a-b7a8-af23ddf385cc.jpg?1594735041,"Enchant",Cristi Balanescu,uncommon,0.28,1.04,,0.10,0.43,,"binder",false,"","W","Enchantment — Aura",nm,"Свет Обещания","undefined"
lci,The Lost Caverns of Ixalan,en,38,"Thousand Moons Infantry",1,false,21130,https://cards.scryfall.io/normal/front/c/1/c1974a8c-3328-4ff5-9a00-cb79ebb8ccf6.jpg?1699043427,"",Manuel Castañón,common,0.04,0.01,,0.06,0.04,,"binder",false,"","W","Creature — Human Soldier",nm,"undefined","undefined"
lci,The Lost Caverns of Ixalan,en,275,"Hidden Necropolis",2,false,8628,https://cards.scryfall.io/normal/front/f/6/f67fd04f-05da-4418-97de-abeb7346cc69.jpg?1699044683,"Discover",Svetlin Velinov,common,0.04,0.12,,0.09,0.13,,"binder",false,"","","Land — Cave",nm,"undefined","undefined"
lci,The Lost Caverns of Ixalan,en,60,"Inverted Iceberg // Iceberg Titan",2,false,13706,https://cards.scryfall.io/normal/front/a/c/ac5e9a53-cc4f-4ced-8088-5a73d619eae3.jpg?1699045157,"Craft,Transform,Mill",Campbell White,common,0.02,0.06,,0.08,0.09,,"binder",false,"","U","Artifact // Artifact Creature — Golem",nm,"undefined","undefined"
dmu,Dominaria United,en,264,"Plains",1,false,,https://cards.scryfall.io/normal/front/b/e/be849ad5-9f96-4605-a0dc-8b9588ac7dd6.jpg?1674073722,"",Johannes Voss,common,0.09,0.10,,0.11,0.10,,"binder",false,"","","Basic Land — Plains",nm,"Равнина","undefined"
znr,Zendikar Rising,en,38,"Shepherd of Heroes",1,false,16767,https://cards.scryfall.io/normal/front/1/f/1f70baa3-5232-4e10-80b4-a9ead6ed6ec3.jpg?1604235790,"Flying",Livia Prima,common,0.04,0.08,,0.14,0.07,,"binder",false,"","W","Creature — Angel Cleric",nm,"Провожатая Героев","undefined"
woe,Wilds of Eldraine,en,26,"Return Triumphant",1,false,13345,https://cards.scryfall.io/normal/front/f/5/f5209c13-9591-48eb-8d6c-112b3bdd429a.jpg?1692936650,"Role token",Will Gist,common,0.03,0.06,,0.09,0.14,,"binder",false,"","W","Sorcery",nm,"undefined","undefined"
woe,Wilds of Eldraine,en,12,"Eerie Interference",1,false,11186,https://cards.scryfall.io/normal/front/4/2/42a74545-75c8-4a6b-bee1-ac5665d9bcf0.jpg?1693867178,"",Nestor Ossandon Leal,uncommon,0.03,0.04,,0.09,0.19,,"binder",false,"","W","Instant",nm,"undefined","undefined"
one,Phyrexia: All Will Be One,en,65,"Prologue to Phyresis",1,false,2660,https://cards.scryfall.io/normal/front/a/c/ac625f30-ed91-4b21-ada8-aaa5b2ad79b8.jpg?1675956984,"",Simon Dominic,common,0.25,2.18,,0.19,0.40,,"binder",false,"","U","Instant",nm,"undefined","undefined"
one,Phyrexia: All Will Be One,en,26,"Ossification",2,false,3807,https://cards.scryfall.io/normal/front/0/d/0da03224-c1af-438f-96c2-b0e41e1070b7.jpg?1680795456,"Enchant",Nino Vecia,uncommon,0.97,1.08,,0.57,1.02,,"binder",false,"","W","Enchantment — Aura",nm,"undefined","undefined"
ths,Theros,en,169,"Nylea's Presence",1,false,13106,https://cards.scryfall.io/normal/front/e/6/e68f1fd4-1a2f-405b-a592-6c4af6214eae.jpg?1562835556,"Enchant",Ralph Horsley,common,0.07,4.43,,0.21,0.99,,"binder",false,"","G","Enchantment — Aura",nm,"Присутствие Нилеи","undefined"
ths,Theros,en,178,"Shredding Winds",1,false,23470,https://cards.scryfall.io/normal/front/3/3/33f36143-85b6-412c-8c79-053728b45c25.jpg?1562816513,"",Christopher Moeller,common,0.02,0.19,,0.05,0.10,,"binder",false,"","G","Instant",nm,"Кромсающий Ветер","undefined"
ths,Theros,en,117,"Deathbellow Raider",1,false,14270,https://cards.scryfall.io/normal/front/b/2/b29fc64e-297e-4e10-8f4e-289dc1c3ebfd.jpg?1562825822,"",Wayne Reynolds,common,0.05,0.18,,0.05,0.33,,"binder",false,"","R","Creature — Minotaur Berserker",nm,"Налетчик из Глотки Смерти","undefined"
ths,Theros,en,133,"Portent of Betrayal",1,false,11898,https://cards.scryfall.io/normal/front/9/f/9fcdf4df-1900-427b-998f-957754ce1b75.jpg?1562822738,"Scry",Daarken,common,0.03,0.03,,0.06,0.15,,"binder",false,"","R","Sorcery",nm,"Предвестие Предательства","undefined"
ths,Theros,en,24,"Observant Alseid",1,false,16615,https://cards.scryfall.io/normal/front/e/1/e1410d10-476a-4ed2-ae44-75383ed0e359.jpg?1562834593,"Vigilance,Bestow",Todd Lockwood,common,0.11,0.23,,0.10,0.24,,"binder",false,"nyxtouched","W","Enchantment Creature — Nymph",nm,"Альсеида-Наблюдательница","undefined"
ths,Theros,en,156,"Defend the Hearth",2,false,13468,https://cards.scryfall.io/normal/front/c/3/c3e4c4c3-db3c-49d4-8080-1c93470f8b4d.jpg?1562829912,"",Raymond Swanland,common,0.04,0.28,,0.08,0.20,,"binder",false,"","G","Instant",nm,"Защита Очага","undefined"
ths,Theros,en,148,"Agent of Horizons",1,false,24990,https://cards.scryfall.io/normal/front/c/c/cc08576f-1d48-4db4-9bb9-e039f75c98b8.jpg?1562830988,"",Clint Cearley,common,0.02,0.03,,0.05,0.13,,"binder",false,"","G","Creature — Human Rogue",nm,"Агент Горизонтов","undefined"
ths,Theros,en,45,"Crackling Triton",1,false,25761,https://cards.scryfall.io/normal/front/8/d/8d6bb19c-3610-4609-b23c-21d4d80e4582.jpg?1562821246,"",Greg Staples,common,0.01,0.04,,0.02,0.11,,"binder",false,"","U","Creature — Merfolk Wizard",nm,"Тритон Молний","undefined"
ths,Theros,en,25,"Ordeal of Heliod",1,false,12085,https://cards.scryfall.io/normal/front/7/7/77e85180-f3c9-4b03-9c25-223599b937ad.jpg?1562820095,"Enchant",Lucas Graciano,uncommon,0.16,0.64,,0.14,0.40,,"binder",false,"","W","Enchantment — Aura",nm,"Испытание Гелиода","undefined"
ths,Theros,en,13,"Favored Hoplite",1,false,14830,https://cards.scryfall.io/normal/front/2/5/251015ed-9408-4941-894a-158551ed2613.jpg?1562815791,"Heroic",Winona Nelson,uncommon,0.21,2.07,,0.35,2.08,,"binder",false,"","W","Creature — Human Soldier",nm,"Избранный Гоплит","undefined"
ths,Theros,en,116,"Coordinated Assault",1,false,17132,https://cards.scryfall.io/normal/front/6/c/6c29f484-5f4b-4d29-846f-192425ab7fe3.jpg?1562819527,"",John Severin Brassell,uncommon,0.05,0.23,,0.17,0.31,,"binder",false,"","R","Instant",nm,"Согласованная Атака","undefined"
ths,Theros,en,93,"Keepsake Gorgon",1,false,17577,https://cards.scryfall.io/normal/front/a/c/ac988f7b-9a10-4b48-8215-50376dc8678c.jpg?1562824683,"Monstrosity,Deathtouch",Aaron Miller,uncommon,0.05,0.20,,0.05,0.25,,"binder",false,"","B","Creature — Gorgon",nm,"Горгона-Собирательница","undefined"
ths,Theros,en,52,"Lost in a Labyrinth",1,false,21610,https://cards.scryfall.io/normal/front/0/9/09aa7744-680f-4c2a-8fa0-9cb0c176ae8f.jpg?1562814444,"Scry",Winona Nelson,common,0.02,0.15,,0.05,0.14,,"binder",false,"","U","Instant",nm,"Блуждание в Лабиринте","undefined"
ths,Theros,en,101,"Read the Bones",1,false,225,https://cards.scryfall.io/normal/front/d/b/dbbdbf1a-2d15-4291-aa19-614f854d8cb3.jpg?1562833564,"Scry",Lars Grant-West,common,0.21,2.76,,0.26,2.08,,"binder",false,"","B","Sorcery",nm,"Гадание по Костям","undefined"
ths,Theros,en,70,"Triton Shorethief",1,false,21898,https://cards.scryfall.io/normal/front/d/8/d8f0fe22-dc89-4ad8-b5f6-6d91b61f1385.jpg?1593860951,"",Howard Lyon,common,0.03,0.18,,0.07,0.24,,"binder",false,"","U","Creature — Merfolk Rogue",nm,"Тритон, Береговой Вор","undefined"
ths,Theros,en,119,"Dragon Mantle",1,false,4873,https://cards.scryfall.io/normal/front/d/9/d97b1080-9001-4751-b2f5-7f56d9f58dff.jpg?1562833100,"Enchant",Anthony Palumbo,common,0.05,0.25,,0.09,0.31,,"binder",false,"","R","Enchantment — Aura",nm,"Плащ Дракона","undefined"
ths,Theros,en,6,"Dauntless Onslaught",1,false,20762,https://cards.scryfall.io/normal/front/e/6/e652229d-81fe-4261-bebc-9e405bb2d991.jpg?1592576358,"",Peter Mohrbacher,uncommon,0.04,0.12,,0.04,0.29,,"binder",false,"","W","Instant",nm,"Бесстрашный Натиск","undefined"
ths,Theros,en,58,"Ordeal of Thassa",1,false,11965,https://cards.scryfall.io/normal/front/f/a/fa764244-c5d5-4f27-9c56-866566a1404a.jpg?1562839052,"Enchant",Howard Lyon,uncommon,0.10,0.98,,0.14,0.46,,"binder",false,"","U","Enchantment — Aura",nm,"Испытание Тассы","undefined"
ths,Theros,en,131,"Ordeal of Purphoros",1,false,14586,https://cards.scryfall.io/normal/front/e/f/efb74ccc-5ae5-4437-a0b4-c621ab4c2257.jpg?1562837203,"Enchant",Maciej Kuciara,uncommon,0.08,0.23,,0.07,0.32,,"binder",false,"","R","Enchantment — Aura",nm,"Испытание Пирфора","undefined"
ths,Theros,en,22,"Last Breath",1,false,19958,https://cards.scryfall.io/normal/front/1/8/1857fc37-1e7e-4b93-9fa9-ec139f16b7fa.jpg?1562815142,"",Nils Hamm,common,0.02,0.19,,0.07,0.30,,"binder",false,"","W","Instant",nm,"Последний Выдох","undefined"
ths,Theros,en,174,"Satyr Hedonist",1,false,14165,https://cards.scryfall.io/normal/front/8/8/88c67e15-833c-406a-b75f-8de97fbacf5a.jpg?1562821024,"",Chase Stone,common,0.06,0.45,,0.10,0.25,,"binder",false,"","G","Creature — Satyr",nm,"Сатир-Гедонист","undefined"
ths,Theros,en,44,"Coastline Chimera",1,false,24924,https://cards.scryfall.io/normal/front/0/1/01320a31-25fa-4324-8225-d150c6aa58a1.jpg?1562813968,"Flying",Dan Scott,common,0.01,0.16,,0.04,0.14,,"binder",false,"","U","Creature — Chimera",nm,"Береговая Химера","undefined"
ths,Theros,en,84,"Disciple of Phenax",2,false,18387,https://cards.scryfall.io/normal/front/8/1/81c1137c-1cbd-4918-9d1c-a9d2bd88562e.jpg?1562820646,"",John Severin Brassell,common,0.03,0.15,,0.07,0.19,,"binder",false,"","B","Creature — Human Cleric",nm,"Приверженица Фенакса","undefined"
ths,Theros,en,30,"Setessan Griffin",1,false,25947,https://cards.scryfall.io/normal/front/3/5/35d2ae77-b16c-4a01-84ce-5c78be5a54d8.jpg?1562816585,"Flying",Greg Staples,common,0.01,0.12,,0.02,0.12,,"binder",false,"","W","Creature — Griffin",nm,"Сетесский Грифон","undefined"
ths,Theros,en,118,"Demolish",2,false,11854,https://cards.scryfall.io/normal/front/4/a/4a2446dd-d70f-4fdd-87d0-d402ba35d044.jpg?1562817700,"",Volkan Baǵa,common,0.04,0.10,,0.03,0.22,,"binder",false,"","R","Sorcery",nm,"Разрушение","undefined"
ths,Theros,en,216,"Fleetfeather Sandals",1,false,7159,https://cards.scryfall.io/normal/front/2/2/2222f499-09f9-45a6-8255-9de79df76f1c.jpg?1562815650,"Equip",Steve Prescott,common,0.10,0.95,,0.10,0.42,,"binder",false,"","","Artifact — Equipment",nm,"Крылатые Сандалии","undefined"
ths,Theros,en,175,"Satyr Piper",1,false,16547,https://cards.scryfall.io/normal/front/e/2/e244c4d0-2c30-4a56-94bb-0fff9ffe4a6a.jpg?1562835013,"",Christopher Moeller,uncommon,0.02,0.24,,0.09,0.19,,"binder",false,"","G","Creature — Satyr Rogue",nm,"Сатир-Дудочник","undefined"
ths,Theros,en,192,"Destructive Revelry",1,false,6699,https://cards.scryfall.io/normal/front/7/9/798af7cb-645f-4526-8a19-6e4595b93964.jpg?1562820219,"",Kev Walker,uncommon,0.20,1.05,,0.26,1.29,,"binder",false,"","G,R","Instant",nm,"Разрушительный Разгул","undefined"
ths,Theros,en,78,"Baleful Eidolon",1,false,14271,https://cards.scryfall.io/normal/front/8/5/853a89c6-63f9-4b12-8a5b-2c382e22b226.jpg?1562820831,"Bestow,Deathtouch",Min Yum,common,0.06,0.33,,0.05,0.24,,"binder",false,"nyxtouched","B","Enchantment Creature — Spirit",nm,"Эйдолон Бедствий","undefined"
ths,Theros,en,176,"Savage Surge",1,false,16396,https://cards.scryfall.io/normal/front/5/9/5916d5e7-0825-4d72-82e4-1e4c86d1fafe.jpg?1595438222,"",Jasper Sandner,common,0.05,0.15,,0.06,0.21,,"binder",false,"","G","Instant",nm,"Дикий Всплеск","undefined"
ths,Theros,en,115,"Boulderfall",1,false,22493,https://cards.scryfall.io/normal/front/6/6/66470bac-cce0-4e79-82f9-9fb77aa950eb.jpg?1562819218,"",Ralph Horsley,common,0.02,0.11,,0.04,0.13,,"binder",false,"","R","Instant",nm,"Обвал","undefined"
ths,Theros,en,221,"Traveler's Amulet",1,false,3100,https://cards.scryfall.io/normal/front/2/4/245a683f-280e-405c-aa2a-dfabb78dc34e.jpg?1562815772,"",Franz Vohwinkel,common,0.05,0.25,,0.04,0.29,,"binder",false,"","","Artifact",nm,"Амулет Путешественника","undefined"
ths,Theros,en,59,"Prescient Chimera",1,false,14989,https://cards.scryfall.io/normal/front/f/9/f9342aba-e3aa-4210-ad72-e609c7c027b8.jpg?1562838669,"Scry,Flying",Daarken,common,0.04,0.35,,0.06,0.22,,"binder",false,"","U","Creature — Chimera",nm,"Химера-Предсказательница","undefined"
ths,Theros,en,217,"Guardians of Meletis",1,false,12724,https://cards.scryfall.io/normal/front/8/5/85284586-7a9d-4344-aebd-f0e072c1f266.jpg?1562820812,"Defender",Magali Villeneuve,common,0.07,0.35,,0.08,0.18,,"binder",false,"","","Artifact Creature — Golem",nm,"Стражи Мелетиды","undefined"
ths,Theros,en,8,"Divine Verdict",1,false,16041,https://cards.scryfall.io/normal/front/7/9/79f46ac0-9e2f-4f9f-beee-0a7914475ac1.jpg?1562820257,"",Raymond Swanland,common,0.02,0.06,,0.03,0.10,,"binder",false,"","W","Instant",nm,"Божественный Приговор","undefined"
ths,Theros,en,92,"Insatiable Harpy",1,false,21735,https://cards.scryfall.io/normal/front/1/4/1439ed8d-ae11-4159-9420-5d98c6cc93b3.jpg?1562814974,"Flying,Lifelink",Matt Stewart,uncommon,0.02,0.30,,0.13,0.14,,"binder",false,"","B","Creature — Harpy",nm,"Ненасытная Гарпия","undefined"
ths,Theros,en,77,"Asphodel Wanderer",1,false,18610,https://cards.scryfall.io/normal/front/6/7/675112db-c477-43f4-b755-54162445fb49.jpg?1562819248,"",Scott Chou,common,0.07,0.20,,0.05,0.18,,"binder",false,"","B","Creature — Skeleton Soldier",nm,"Скиталец Асфодели","undefined"
ths,Theros,en,181,"Time to Feed",1,false,16231,https://cards.scryfall.io/normal/front/7/9/799d08a6-d978-4731-98ad-38acd57f3196.jpg?1562820228,"Fight",Wayne Reynolds,common,0.01,0.10,,0.06,0.15,,"binder",false,"","G","Sorcery",nm,"Время Еды","undefined"
ths,Theros,en,146,"Two-Headed Cerberus",1,false,18227,https://cards.scryfall.io/normal/front/f/8/f8d2f75c-ef2a-4d30-86d1-c47307fc47ac.jpg?1562838650,"Double strike",Karl Kopinski,common,0.03,0.20,,0.06,0.17,,"binder",false,"","R","Creature — Dog",nm,"Двуглавый Цербер","undefined"
ths,Theros,en,147,"Wild Celebrants",1,false,15750,https://cards.scryfall.io/normal/front/e/7/e7ab4e29-44c7-431a-ba11-b2f4f9c75ab1.jpg?1562835742,"",Igor Kieryluk,common,0.03,0.21,,0.05,0.13,,"binder",false,"","R","Creature — Satyr",nm,"Дикие Гуляки","undefined"
ths,Theros,en,28,"Scholar of Athreos",1,false,17030,https://cards.scryfall.io/normal/front/9/5/95a36e06-39f3-47d0-b6a9-43728afceb4a.jpg?1562821652,"",Cynthia Sheppard,common,0.08,0.26,,0.09,0.12,,"binder",false,"","W","Creature — Human Cleric",nm,"Исследовательница Атрея","undefined"
ths,Theros,en,114,"Borderland Minotaur",1,false,22205,https://cards.scryfall.io/normal/front/9/c/9c7f6eb2-feae-4dc9-a009-0ad60f89a592.jpg?1593860893,"",Greg Staples,common,0.03,0.11,,0.03,0.20,,"binder",false,"","R","Creature — Minotaur Warrior",nm,"Минотавр Пограничья","undefined"
ths,Theros,en,164,"Nessian Asp",1,false,17572,https://cards.scryfall.io/normal/front/2/d/2d922596-4c2d-47fd-8c28-0e62972effbf.jpg?1562816226,"Reach,Monstrosity",Alex Horley-Orlandelli,common,0.03,0.21,,0.09,0.21,,"binder",false,"","G","Creature — Snake",nm,"Нессийский Аспид","undefined"
ths,Theros,en,1,"Battlewise Valor",1,false,20210,https://cards.scryfall.io/normal/front/7/d/7d967a4c-2323-4361-a907-5ca9140d8793.jpg?1562820440,"Scry",Zack Stella,common,0.03,0.15,,0.04,0.14,,"binder",false,"","W","Instant",nm,"Храбрость Битвознатца","undefined"
ths,Theros,en,56,"Nimbus Naiad",1,false,17544,https://cards.scryfall.io/normal/front/1/9/19e9c9a2-4c5b-4518-a127-e4ffb23437d6.jpg?1562815277,"Flying,Bestow",David Palumbo,common,0.06,0.39,,0.11,0.22,,"binder",false,"nyxtouched","U","Enchantment Creature — Nymph",nm,"Наяда Дождевых Облаков","undefined"
snc,Streets of New Capenna,en,18,"Inspiring Overseer",2,false,1638,https://cards.scryfall.io/normal/front/3/5/35d9da1d-8678-4252-b0f8-9960795642f0.jpg?1664409748,"Flying",Irina Nordsol,common,0.27,0.80,,0.26,0.95,,"binder",false,"","W","Creature — Angel Cleric",nm,"Вдохновляющий Надзиратель","undefined"
snc,Streets of New Capenna,en,26,"Raffine's Informant",1,false,12986,https://cards.scryfall.io/normal/front/4/e/4e64ff87-2099-4360-94f6-164277b7b514.jpg?1664409896,"Connive",John Stanko,common,0.05,0.17,,0.19,0.49,,"binder",false,"","W","Creature — Human Wizard",nm,"Осведомительница Раффины","undefined"
snc,Streets of New Capenna,en,49,"Make Disappear",1,false,9064,https://cards.scryfall.io/normal/front/3/f/3f2d6a21-ea77-484b-9e3a-1bd49806f907.jpg?1664410347,"Casualty",Inka Schulz,common,0.88,5.21,,0.89,1.17,,"binder",false,"","U","Instant",nm,"Заставить Исчезнуть","undefined"
afr,Adventures in the Forgotten Realms,en,318,"Goblin Javelineer",1,false,11062,https://cards.scryfall.io/normal/front/0/b/0bf573ba-6471-434b-88fd-c9caa539515a.jpg?1627711622,"Haste",Jeff Dee,common,0.01,0.04,,0.10,0.17,,"binder",false,"showcase","R","Creature — Goblin Warrior",nm,"Гоблинская Копейщица","boosterfun"
vow,Innistrad: Crimson Vow,ru,118,"Headless Rider",2,false,2150,https://cards.scryfall.io/normal/front/c/2/c24018e8-b8f1-44a5-9355-8b79f363569d.jpg?1643589870,"",E. M. Gist,rare,3.12,2.55,,2.25,2.57,,"binder",false,"","B","Creature — Zombie",nm,"Всадник без Головы","undefined"
clb,Commander Legends: Battle for Baldur's Gate,en,148,"Sivriss, Nightmare Speaker",1,false,6322,https://cards.scryfall.io/normal/front/3/3/334bc010-5b60-4075-be12-0b36f41f32c6.jpg?1674136308,"Choose a background,Mill",Tuan Duong Chu,uncommon,0.05,0.15,,0.12,0.32,,"binder",false,"legendary","B","Legendary Creature — Snake Cleric Warlock",nm,"Сиврисс, Говорящий в Кошмарах","undefined"
afr,Adventures in the Forgotten Realms,ru,209,"Varis, Silverymoon Ranger",1,false,9061,https://cards.scryfall.io/normal/front/e/3/e3bd3ea9-f06d-4df7-8b8d-ac6a0e591b09.jpg?1627708517,"Reach,Ward,Venture into the dungeon",Jesper Ejsing,rare,0.15,0.25,,0.25,0.57,,"binder",false,"legendary","G","Legendary Creature — Human Elf Ranger",nm,"Варис, Следопыт из Сребролунья","undefined"
thb,Theros Beyond Death,ru,196,"Renata, Called to the Hunt",1,false,1396,https://cards.scryfall.io/normal/front/2/b/2b27e6b2-13ad-42b2-a121-70935913723d.jpg?1581480865,"",Chris Rahn,uncommon,0.23,0.36,,0.12,0.19,,"binder",false,"nyxtouched,legendary","G","Legendary Enchantment Creature — Demigod",nm,"Рената, Призванная на Охоту","undefined"
mul,Multiverse Legends,en,28,"Renata, Called to the Hunt",1,false,1396,https://cards.scryfall.io/normal/front/1/9/1998356b-4eb3-43a7-8534-10eb212c7f2a.jpg?1682347317,"",Jason A. Engle,uncommon,0.11,0.15,,,,,"binder",false,"legendary,showcase,inverted,nyxtouched","G","Legendary Enchantment Creature — Demigod",nm,"Рената, Призванная на Охоту","undefined"
neo,Kamigawa: Neon Dynasty,en,185,"Generous Visitor",1,false,5760,https://cards.scryfall.io/normal/front/d/1/d1066ccd-a932-4d05-98da-11ae4675364e.jpg?1654568092,"",Iris Compiet,uncommon,0.13,0.88,,0.13,0.51,,"binder",false,"","G","Creature — Spirit",nm,"Щедрый Посетитель","undefined"
9ed,Ninth Edition,es,273,"Summer Bloom",1,false,3256,https://cards.scryfall.io/normal/front/c/e/ce7ed9d7-012c-43d0-a8c0-e208b58cad6f.jpg?1562741879,"",Nicola Leonard,uncommon,0.54,,,0.59,,,"binder",false,"","G","Sorcery",nm,"Летнее цветение","undefined"
thb,Theros Beyond Death,ru,205,"Wolfwillow Haven",2,false,3303,https://cards.scryfall.io/normal/front/7/2/72b886c3-234c-49ce-9a11-456c1e8f092f.jpg?1581480945,"Enchant",Jakub Kasper,uncommon,0.26,0.58,,0.19,0.71,,"binder",false,"","G","Enchantment — Aura",nm,"Укрытие в Волчьих Ивах","undefined"
m21,Core Set 2021,ru,193,"Llanowar Visionary",1,false,2030,https://cards.scryfall.io/normal/front/d/6/d6e23afa-7e08-4049-baf0-d4d0134ba2c8.jpg?1594737093,"",Cristi Balanescu,common,0.21,2.00,,0.19,0.48,,"binder",false,"","G","Creature — Elf Druid",nm,"Лановарский Провидец","undefined"
one,Phyrexia: All Will Be One,en,161,"Cankerbloom",1,false,712,https://cards.scryfall.io/normal/front/8/9/89b39293-6f57-4294-85fc-c718bdbb4d40.jpg?1675957129,"Proliferate",Nicholas Gregory,uncommon,0.50,0.84,,0.19,0.30,,"binder",false,"","G","Creature — Phyrexian Fungus",nm,"undefined","undefined"
m10,Magic 2010,en,198,"Overrun",1,false,1737,https://cards.scryfall.io/normal/front/d/3/d3e16262-a9c1-45e1-b88a-322c752256cf.jpg?1561996713,"",Carl Critchlow,uncommon,0.29,1.66,,0.17,0.76,,"binder",false,"","G","Sorcery",nm,"Набег","undefined"
one,Phyrexia: All Will Be One,en,185,"Thirsting Roots",1,false,2393,https://cards.scryfall.io/normal/front/7/5/75a4a340-453b-471a-82ba-48ebf20b271a.jpg?1675957166,"Proliferate",WolfSkullJack,common,0.30,1.40,,0.17,0.28,,"binder",false,"","G","Sorcery",nm,"undefined","undefined"
vow,Innistrad: Crimson Vow,ru,201,"Hamlet Vanguard",1,false,10349,https://cards.scryfall.io/normal/front/f/3/f31e108b-8cb5-4f30-b68b-274aa7ac2a81.jpg?1643592687,"Ward",PINDURSKI,rare,0.12,0.13,,0.22,0.23,,"binder",false,"","G","Creature — Human Warrior",nm,"Авангард Деревушки","undefined"
ltr,The Lord of the Rings: Tales of Middle-earth,en,163,"Entish Restoration",2,false,1116,https://cards.scryfall.io/normal/front/c/d/cd4dbf80-187b-40e3-9e0b-526f78d9a34e.jpg?1686969333,"",Calder Moore,uncommon,1.50,2.09,,0.47,0.89,,"binder",false,"","G","Instant",nm,"undefined","undefined"
mh2,Modern Horizons 2,ru,288,"Yavimaya Elder",1,false,1735,https://cards.scryfall.io/normal/front/c/8/c8511fe7-63f9-4942-8972-d40bf5d7e949.jpg?1633281721,"",Matt Cavotta,uncommon,0.06,0.12,0.22,0.08,0.21,,"binder",false,"","G","Creature — Human Druid",nm,"Явимайский Старейшина","undefined"
mh2,Modern Horizons 2,ru,409,"Aeve, Progenitor Ooze",1,false,6421,https://cards.scryfall.io/normal/front/7/5/75a03422-4106-4d06-b26a-06b1e3b0cb2a.jpg?1626103150,"Storm",Andrew Mar,rare,0.33,0.32,0.47,0.29,0.44,,"binder",false,"","G","Legendary Creature — Ooze",nm,"Эйв, Тина-Прародительница","boosterfun"
afr,Adventures in the Forgotten Realms,en,200,"Prosperous Innkeeper",2,false,1206,https://cards.scryfall.io/normal/front/0/9/096d3c0c-98e2-4cfc-a6e1-fddb0359c63f.jpg?1627708190,"Treasure",Eric Deschamps,uncommon,0.85,0.95,,0.90,1.70,,"binder",false,"","G","Creature — Halfling Citizen",nm,"Процветающий Трактирщик","undefined"
stx,Strixhaven: School of Mages,ru,127,"Dragonsguard Elite",1,false,10162,https://cards.scryfall.io/normal/front/6/5/658ec634-3eb2-4967-b938-d20d31ab77e3.jpg?1624592623,"Magecraft",David Rapoza,rare,0.10,0.15,,0.10,0.09,,"binder",false,"","G","Creature — Human Druid",nm,"Элита Драконьей Гвардии","undefined"
ktk,Khans of Tarkir,en,141,"Meandering Towershell",1,false,15727,https://cards.scryfall.io/normal/front/a/9/a945b43d-39bc-4ce4-be03-0109e1a681b1.jpg?1562791660,"Landwalk,Islandwalk",YW Tang,rare,0.12,0.55,,0.13,0.48,,"binder",false,"","G","Creature — Turtle",nm,"Бродячая Гигантопаха","undefined"
clb,Commander Legends: Battle for Baldur's Gate,en,240,"Majestic Genesis",1,false,3936,https://cards.scryfall.io/normal/front/e/a/eaadb067-4a77-4d6e-931d-447bd0c06594.jpg?1674137177,"",Alayna Danner,mythic,2.12,2.29,,1.91,2.63,,"binder",false,"","G","Sorcery",nm,"Великолепное Зарождение","undefined"
iko,Ikoria: Lair of Behemoths,en,364,"Colossification",1,true,2701,https://cards.scryfall.io/normal/front/6/f/6faa8a7b-d886-4005-950d-bad589b6e03a.jpg?1682224887,"Enchant",Mathias Kollros,rare,,0.45,,,0.73,,"binder",false,"","G","Enchantment — Aura",nm,"undefined","bundle"
mom,March of the Machine,en,200,"Polukranos Reborn // Polukranos, Engine of Ruin",1,true,10522,https://cards.scryfall.io/normal/front/4/7/47f7d313-8333-41fe-8bfa-c96774dac228.jpg?1682204987,"Lifelink,Reach,Transform",David Auden Nash,rare,0.30,0.38,,0.67,0.72,,"binder",false,"legendary","G,W","Legendary Creature — Hydra // Legendary Creature — Phyrexian Hydra",nm,"undefined","undefined"
shm,Shadowmoor,en,127,"Raking Canopy",2,false,15394,https://cards.scryfall.io/normal/front/d/f/df529b30-9ac6-4944-9d21-ecf6d64a8845.jpg?1562837070,"",Heather Hudson,uncommon,0.31,3.22,,0.49,2.12,,"binder",false,"","G","Enchantment",nm,"Хищный Полог","undefined"
thb,Theros Beyond Death,ru,178,"Mantle of the Wolf",2,false,10123,https://cards.scryfall.io/normal/front/8/3/83a786fa-4b86-40f7-ac58-1a05fb38fcdb.jpg?1581480687,"Enchant",Simon Dominic,rare,0.19,0.37,,0.11,0.20,,"binder",false,"","G","Enchantment — Aura",nm,"Одеяние Волка","undefined"
woe,Wilds of Eldraine,en,178,"Night of the Sweets' Revenge",2,false,4330,https://cards.scryfall.io/normal/front/2/7/27f53bed-7075-4303-aa9e-fcca0a266e19.jpg?1692938931,"Food",Leonardo Santanna,uncommon,0.20,0.38,,0.17,0.34,,"binder",false,"","G","Enchantment",nm,"undefined","undefined"
pcy,Prophecy,en,127,"Squirrel Wrangler",1,false,10402,https://cards.scryfall.io/normal/front/7/0/7094be2a-454e-4e4d-a540-c5c80e37468a.jpg?1562915837,"",Carl Critchlow,rare,2.40,1.20,,0.79,36.29,,"binder",true,"","G","Creature — Human Druid",nm,"undefined","undefined"
mid,Innistrad: Midnight Hunt,ru,207,"Willow Geist",1,false,8473,https://cards.scryfall.io/normal/front/1/c/1c40c71c-4cdc-4a28-8ea3-4636c936f8aa.jpg?1636225018,"Trample",Ryan Yee,rare,0.21,0.26,,0.28,0.34,,"binder",false,"","G","Creature — Treefolk Spirit",nm,"Ивовое Привидение","undefined"
stx,Strixhaven: School of Mages,ru,119,"Accomplished Alchemist",1,true,4015,https://cards.scryfall.io/normal/front/0/d/0d7b7830-b65e-4c53-98e8-152026764e4b.jpg?1629218987,"",Randy Vargas,rare,0.28,0.29,,0.24,0.37,,"binder",false,"","G","Creature — Elf Druid",nm,"Состоявшийся Алхимик","undefined"
stx,Strixhaven: School of Mages,en,119,"Accomplished Alchemist",1,false,4015,https://cards.scryfall.io/normal/front/0/d/0d7b7830-b65e-4c53-98e8-152026764e4b.jpg?1629218987,"",Randy Vargas,rare,0.28,0.29,,0.24,0.37,,"binder",false,"","G","Creature — Elf Druid",nm,"Состоявшийся Алхимик","undefined"
cmm,Commander Masters,en,314,"Ram Through",1,false,1092,https://cards.scryfall.io/normal/front/4/4/44063a90-e4cf-4bcd-a128-792de15371a7.jpg?1689998782,"",Zoltan Boros,common,0.20,2.24,,0.11,0.28,,"binder",false,"","G","Instant",nm,"Снести с Ног","undefined"
hou,Hour of Devastation,en,203,"Nissa's Encouragement",1,false,20775,https://cards.scryfall.io/normal/front/a/4/a489d5c7-ef57-4973-86ac-06234c308c3c.jpg?1562809356,"",Tommy Arnold,rare,0.11,,,0.14,,,"binder",false,"","G","Sorcery",nm,"Воодушевление Ниссы","planeswalkerdeck"
lci,The Lost Caverns of Ixalan,en,210,"Seeker of Sunlight",1,true,15195,https://cards.scryfall.io/normal/front/f/f/ffcdb10f-4bad-4f89-8e7c-daa5c0c69230.jpg?1699044483,"Explore",Randy Vargas,common,0.03,0.03,,0.09,0.08,,"binder",false,"","G","Creature — Merfolk Scout",nm,"undefined","undefined"
dds,Duel Decks: Mind vs. Might,en,47,"Increasing Savagery",1,false,5877,https://cards.scryfall.io/normal/front/c/5/c59b2ab3-c5e3-4599-9af0-3fa7a9544b97.jpg?1592761793,"Flashback",Steve Prescott,rare,0.49,,,0.53,,,"binder",false,"","G","Sorcery",nm,"undefined","undefined"
bfz,Battle for Zendikar,en,198,"Woodland Wanderer",1,true,19217,https://cards.scryfall.io/normal/front/c/c/cc1e6db8-5093-44e4-95d7-3fdf8c55c1dd.jpg?1562943201,"Vigilance,Converge,Trample",Vincent Proce,rare,0.10,0.20,,0.11,0.32,,"binder",false,"","G","Creature — Elemental",nm,"Лесной Бродяга","undefined"
mic,Midnight Hunt Commander,ru,37,"Visions of Dominance",1,false,4285,https://cards.scryfall.io/normal/front/1/5/15947810-9a38-417f-84dc-5a83446deb81.jpg?1637628837,"Flashback",Andrew Mar,rare,0.53,,,0.23,,,"binder",false,"","G","Sorcery",nm,"Видения Превосходства","undefined"
10e,Tenth Edition,ru,270,"Hurricane",1,false,6815,https://cards.scryfall.io/normal/front/3/7/371d83e8-f514-433c-bc6a-e0eeef3fab2a.jpg?1562546179,"",John Howe,rare,0.52,14.47,,0.23,3.65,,"binder",false,"","G","Sorcery",nm,"Ураган","undefined"
thb,Theros Beyond Death,ru,181,"Nessian Boar",2,false,10488,https://cards.scryfall.io/normal/front/a/a/aaf91fc2-7317-47e4-9e6c-d7d74cdf0153.jpg?1581480722,"",Zoltan Boros,rare,0.07,0.25,,0.06,0.28,,"binder",false,"","G","Creature — Boar",nm,"Нессийский Вепрь","undefined"
one,Phyrexia: All Will Be One,en,313,"Evolved Spinoderm",1,true,15992,https://cards.scryfall.io/normal/front/b/1/b1dd555e-cd27-4b9e-9ee6-b785242637d6.jpg?1677100499,"",Ravenna Tran,rare,0.09,0.12,,0.18,0.27,,"binder",false,"showcase,inverted","G","Creature — Phyrexian Beast",nm,"undefined","boosterfun"
cmm,Commander Masters,en,275,"Beanstalk Giant // Fertile Footsteps",1,true,1548,https://cards.scryfall.io/normal/front/d/f/dfd6b4bc-70da-4d93-bdf7-78ba176a764f.jpg?1691058368,"",Jason A. Engle,uncommon,0.16,0.21,,0.10,0.17,,"binder",false,"","G","Creature — Giant // Sorcery — Adventure",nm,"undefined","undefined"
dmu,Dominaria United,en,429,"Herd Migration",1,true,14628,https://cards.scryfall.io/normal/front/e/8/e8b91c26-26f3-45d6-bf7d-35a2963dde37.jpg?1675023015,"Domain",Antonio José Manzanedo,rare,,0.18,,,0.09,,"binder",false,"","G","Sorcery",nm,"undefined","bundle"
dmu,Dominaria United,en,429,"Herd Migration",1,false,14628,https://cards.scryfall.io/normal/front/e/8/e8b91c26-26f3-45d6-bf7d-35a2963dde37.jpg?1675023015,"Domain",Antonio José Manzanedo,rare,,0.18,,,0.09,,"binder",false,"","G","Sorcery",nm,"undefined","bundle"
dmu,Dominaria United,en,169,"Llanowar Greenwidow",2,false,9555,https://cards.scryfall.io/normal/front/8/1/81f90e4d-f60f-4175-830f-c2ce04c5a945.jpg?1673307724,"Reach,Trample,Domain",Jokubas Uogintas,rare,0.18,0.18,,0.14,0.53,,"binder",false,"","G","Creature — Spider",nm,"undefined","undefined"
thb,Theros Beyond Death,ru,188,"Nylea's Intervention",2,false,2689,https://cards.scryfall.io/normal/front/d/a/daa2f963-9d16-4224-b24e-b6a79f2b9d75.jpg?1581480794,"",Zezhou Chen,rare,0.52,0.76,,0.40,0.58,,"binder",false,"","G","Sorcery",nm,"Вмешательство Нилеи","undefined"
woe,Wilds of Eldraine,en,165,"Brave the Wilds",1,false,15200,https://cards.scryfall.io/normal/front/8/2/821b9e86-d108-42e5-b642-c5e07ab16c37.jpg?1692938745,"Bargain",Lucas Graciano,common,0.01,0.02,,0.09,0.20,,"binder",false,"","G","Sorcery",nm,"undefined","undefined"
ltr,The Lord of the Rings: Tales of Middle-earth,en,445,"Many Partings",1,true,3471,https://cards.scryfall.io/normal/front/7/7/7769f0ce-b31b-4cb5-8635-2b9b70114180.jpg?1686972642,"Food",Kieran Yanner,common,0.06,0.11,,0.05,0.26,,"binder",false,"inverted","G","Sorcery",nm,"undefined","boosterfun"
ltr,The Lord of the Rings: Tales of Middle-earth,en,445,"Many Partings",2,false,3471,https://cards.scryfall.io/normal/front/7/7/7769f0ce-b31b-4cb5-8635-2b9b70114180.jpg?1686972642,"Food",Kieran Yanner,common,0.06,0.11,,0.05,0.26,,"binder",false,"inverted","G","Sorcery",nm,"undefined","boosterfun"
m14,Magic 2014,en,184,"Manaweft Sliver",1,false,2456,https://cards.scryfall.io/normal/front/f/e/fe45433b-e124-44d7-9463-dada39310148.jpg?1562837768,"",Trevor Claxton,uncommon,0.45,4.23,,0.82,4.70,,"binder",false,"","G","Creature — Sliver",nm,"Прядущая Ману Щепка","undefined"
tsr,Time Spiral Remastered,en,205,"Gemhide Sliver",1,false,2371,https://cards.scryfall.io/normal/front/1/1/110887a5-cbfd-431f-9208-06acc4ed2602.jpg?1619398035,"",John Matson,common,0.27,1.25,,0.17,1.29,,"binder",false,"","G","Creature — Sliver",nm,"Щепка Цвета Самоцветов","undefined"
thb,Theros Beyond Death,ru,172,"Hydra's Growth",1,false,1329,https://cards.scryfall.io/normal/front/5/1/5112ee2a-a6f3-4280-a915-000a97a9cdef.jpg?1581480627,"Enchant",Bayard Wu,uncommon,1.58,1.63,,0.81,1.07,,"binder",false,"","G","Enchantment — Aura",nm,"Рост Гидры","undefined"
vow,Innistrad: Crimson Vow,ru,205,"Howlpack Piper // Wildsong Howler",1,false,4771,https://cards.scryfall.io/normal/front/c/7/c7ceaf83-09c0-4492-a75d-4c47bd421858.jpg?1643592924,"Daybound,Nightbound",Cristi Balanescu,rare,1.18,1.19,,0.95,1.36,,"binder",false,"sunmoondfc","G","Creature — Human Werewolf // Creature — Werewolf",nm,"undefined","undefined"
m19,Core Set 2019,ru,173,"Colossal Majesty",1,false,803,https://cards.scryfall.io/normal/front/9/3/93f99796-ddc5-4ccd-b925-35622a8648b8.jpg?1562303333,"",Randy Vargas,uncommon,1.00,5.61,,0.14,2.66,,"binder",false,"","G","Enchantment",nm,"Колоссальное Величие","undefined"
ltr,The Lord of the Rings: Tales of Middle-earth,en,173,"Legolas, Master Archer",1,false,9121,https://cards.scryfall.io/normal/front/a/9/a9405577-c1dc-48e0-b2aa-6237c569d02e.jpg?1686969439,"Reach",Campbell White,rare,0.27,0.41,,0.25,0.48,,"binder",false,"legendary","G","Legendary Creature — Elf Archer",nm,"undefined","undefined"
wot,Wilds of Eldraine: Enchanting Tales,en,63,"Utopia Sprawl",2,false,383,https://cards.scryfall.io/normal/front/8/e/8ee63809-729b-48b1-a06d-3edc2a26208f.jpg?1692932966,"Enchant",Sylvain Sarrailh,uncommon,0.29,0.58,,0.59,1.28,,"binder",false,"showcase","G","Enchantment — Aura",nm,"Утопический рост","boosterfun"
ltr,The Lord of the Rings: Tales of Middle-earth,en,166,"Fangorn, Tree Shepherd",1,false,9446,https://cards.scryfall.io/normal/front/0/f/0fb0f946-2127-4aa3-88ac-9bd2e94d8983.jpg?1686969365,"",Jesper Ejsing,rare,0.23,0.25,,0.20,0.46,,"binder",false,"legendary","G","Legendary Creature — Treefolk",nm,"undefined","undefined"
ima,Iconic Masters,en,164,"Genesis Wave",1,false,1377,https://cards.scryfall.io/normal/front/5/0/5007919b-27d3-46e7-a588-ce796709d565.jpg?1562848877,"",James Paick,rare,1.44,7.09,,1.93,5.57,,"binder",false,"","G","Sorcery",nm,"undefined","undefined"
neo,Kamigawa: Neon Dynasty,en,211,"Tamiyo's Safekeeping",3,false,448,https://cards.scryfall.io/normal/front/f/d/fd4b7ee2-de65-4288-872d-486065a4f226.jpg?1654568357,"",Aurore Folny,common,1.05,8.03,,1.34,2.29,,"binder",false,"","G","Instant",nm,"Охранение Тамиё","undefined"
lci,The Lost Caverns of Ixalan,en,73,"Sage of Days",1,true,22112,https://cards.scryfall.io/normal/front/a/6/a6e53495-c76c-4cd4-b93e-b2c491d2c13a.jpg?1699043905,"",Aldo Domínguez,common,0.01,0.02,,0.07,0.02,,"binder",false,"","U","Creature — Human Wizard",nm,"undefined","undefined"
tsr,Time Spiral Remastered,ru,56,"Careful Consideration",1,false,10902,https://cards.scryfall.io/normal/front/0/8/08b7224b-adb9-4c31-b0bb-1c498f2922fb.jpg?1619393867,"",Janine Johnston,uncommon,0.10,0.35,,0.12,0.26,,"binder",false,"","U","Instant",nm,"Внимательное Рассмотрение","undefined"
khm,Kaldheim,ru,328,"Moritte of the Frost",1,true,3787,https://cards.scryfall.io/normal/front/f/4/f47d29bb-8710-4a3d-8789-38956fa7a2be.jpg?1631055464,"Changeling",Poison Project,uncommon,0.12,0.27,,0.21,0.31,,"binder",false,"showcase,legendary","G,U","Legendary Snow Creature — Shapeshifter",nm,"Моритт Мороза","boosterfun"
lci,The Lost Caverns of Ixalan,en,106,"Fungal Fortitude",1,true,11118,https://cards.scryfall.io/normal/front/9/d/9d2bd0ca-521c-45d9-85ed-2f36f583408e.jpg?1699044131,"Enchant,Flash",Izzy,common,0.04,0.08,,0.09,0.07,,"binder",false,"","B","Enchantment — Aura",nm,"undefined","undefined"
tsr,Time Spiral Remastered,ru,109,"Deathspore Thallid",1,false,5303,https://cards.scryfall.io/normal/front/7/4/74c1b368-6fb0-4430-807e-d124f3077361.jpg?1619395285,"",Randy Elliott,common,0.18,0.68,,0.11,0.38,,"binder",false,"","B","Creature — Zombie Fungus",nm,"Смертоносный Таллид","undefined"
tsr,Time Spiral Remastered,ru,59,"Crookclaw Transmuter",1,false,19140,https://cards.scryfall.io/normal/front/a/b/aba5f411-668b-4344-be2f-c8f6cc3255e8.jpg?1688477281,"Flying,Flash",Ron Spencer,common,0.02,0.25,,0.12,0.20,,"binder",false,"","U","Creature — Bird Wizard",nm,"Маг Изогнутого Когтя","undefined"
tsr,Time Spiral Remastered,ru,12,"Castle Raptors",1,false,24656,https://cards.scryfall.io/normal/front/4/b/4b980a75-8d2d-4d56-be76-48159ef33631.jpg?1619392740,"Flying",Christopher Moeller,common,0.01,0.09,,0.04,0.16,,"binder",false,"","W","Creature — Bird Soldier",nm,"Замковые Хищники","undefined"
tsr,Time Spiral Remastered,ru,190,"Simian Spirit Guide",1,false,606,https://cards.scryfall.io/normal/front/0/e/0e57335d-4066-4d73-83cd-67a215e01a4e.jpg?1619397622,"",Lucas Graciano,common,1.08,17.27,,0.37,13.09,,"binder",false,"","R","Creature — Ape Spirit",nm,"Симианский Проводник Духов","undefined"
tsr,Time Spiral Remastered,ru,181,"Reckless Wurm",1,false,10073,https://cards.scryfall.io/normal/front/5/9/59243436-b55d-44c3-962b-751eff429f71.jpg?1619397394,"Madness,Trample",Greg Staples,common,0.02,0.31,,0.07,0.49,,"binder",false,"","R","Creature — Wurm",nm,"Безрассудный Вурм","undefined"
tsr,Time Spiral Remastered,ru,21,"Judge Unworthy",1,false,17545,https://cards.scryfall.io/normal/front/c/e/ce06e910-e130-4975-92db-1399ff3d44b7.jpg?1619392978,"Scry",Greg Staples,common,0.04,0.20,,0.11,0.13,,"binder",false,"","W","Instant",nm,"Приговор Недостойному","undefined"
tsr,Time Spiral Remastered,ru,221,"Nantuko Shaman",1,false,18587,https://cards.scryfall.io/normal/front/a/3/a3370c6d-a743-49b3-b869-da65b49391d9.jpg?1619398456,"Suspend",Daren Bader,common,0.01,0.12,,0.10,0.18,,"binder",false,"","G","Creature — Insect Shaman",nm,"Шаман Нантуко","undefined"
lci,The Lost Caverns of Ixalan,en,90,"Another Chance",1,false,13030,https://cards.scryfall.io/normal/front/2/0/20d9eb9f-2fcc-49f0-99c1-bad748239466.jpg?1699044076,"Mill",Irina Nordsol,common,0.02,0.06,,0.12,0.10,,"binder",false,"","B","Instant",nm,"undefined","undefined"
2x2,Double Masters 2022,en,187,"Bounty of the Luxa",1,false,7663,https://cards.scryfall.io/normal/front/0/e/0e038250-f8a9-4bce-baa6-7c2502929b59.jpg?1673148408,"",Jonas De Ro,uncommon,0.07,0.13,,0.07,0.19,,"binder",false,"","G,U","Enchantment",nm,"undefined","undefined"
tsr,Time Spiral Remastered,ru,158,"Char-Rumbler",1,false,23385,https://cards.scryfall.io/normal/front/1/3/13f696f9-afa2-40c4-950a-e1e01c452017.jpg?1619396834,"Double strike",Kev Walker,uncommon,0.03,,,0.07,0.15,,"binder",false,"","R","Creature — Elemental",nm,"Обуглившийся Громыхатель","undefined"
2x2,Double Masters 2022,en,47,"Domestication",1,false,16417,https://cards.scryfall.io/normal/front/3/b/3b5e940b-e247-4ee3-939b-679e4f8ea771.jpg?1673147275,"Enchant",Jesper Ejsing,uncommon,0.02,0.04,,0.04,0.24,,"binder",false,"","U","Enchantment — Aura",nm,"undefined","undefined"
lci,The Lost Caverns of Ixalan,en,83,"Waterlogged Hulk // Watertight Gondola",2,false,15868,https://cards.scryfall.io/normal/front/7/e/7ea89d3c-8d47-4bbb-9271-8cdfd9296e2f.jpg?1699043999,"Craft,Vigilance,Transform,Descend,Crew,Mill",Artur Treffner,uncommon,0.04,0.06,,0.12,0.21,,"binder",false,"","U","Artifact // Artifact — Vehicle",nm,"undefined","undefined"
2x2,Double Masters 2022,en,15,"Last Breath",1,true,19958,https://cards.scryfall.io/normal/front/1/2/12cca37a-7efd-4b01-bf96-15d0a032524d.jpg?1673147008,"",Christina Davis,common,0.01,0.07,,0.11,0.11,,"binder",false,"","W","Instant",nm,"Последний Выдох","undefined"
2x2,Double Masters 2022,en,126,"Storm Fleet Pyromancer",1,false,18582,https://cards.scryfall.io/normal/front/1/8/189836c8-3ffb-4734-8d3e-6a21a28335be.jpg?1673147923,"Raid",Kieran Yanner,common,0.10,0.01,,0.10,0.03,,"binder",false,"","R","Creature — Human Pirate Wizard",nm,"Пиромантка Штормовой Флотилии","undefined"
lci,The Lost Caverns of Ixalan,en,68,"Orazca Puzzle-Door",1,true,19143,https://cards.scryfall.io/normal/front/2/7/27acf726-52f5-493d-8678-c12485f67747.jpg?1699043863,"",Cristi Balanescu,common,0.02,0.04,,0.07,0.08,,"binder",false,"","U","Artifact",nm,"undefined","undefined"
tsr,Time Spiral Remastered,en,139,"Smallpox",1,false,4089,https://cards.scryfall.io/normal/front/c/2/c28db9a4-6696-460b-a9d3-98f4a31abe75.jpg?1636283762,"",Janine Johnston,uncommon,0.25,3.00,,0.26,2.32,,"binder",false,"","B","Sorcery",nm,"Оспа","undefined"
tsr,Time Spiral Remastered,en,197,"Two-Headed Sliver",1,false,4798,https://cards.scryfall.io/normal/front/2/6/260cf43a-f3a4-48f7-9c51-5884d106ff56.jpg?1619397819,"",Dany Orizio,common,0.10,1.27,,0.14,0.54,,"binder",false,"","R","Creature — Sliver",nm,"Двухголовая Щепка","undefined"
2x2,Double Masters 2022,en,223,"Ground Assault",1,false,8326,https://cards.scryfall.io/normal/front/e/8/e8c61bd1-4bf5-4c38-835d-2249f8e8d5d4.jpg?1673148718,"",Karl Kopinski,common,0.01,0.05,,0.05,0.06,,"binder",false,"","G,R","Sorcery",nm,"undefined","undefined"
2x2,Double Masters 2022,en,54,"Kasmina's Transmutation",1,false,4577,https://cards.scryfall.io/normal/front/9/3/938ef232-1bf5-4290-abd9-3da653cf2e85.jpg?1673147330,"Enchant",Uriah Voth,common,0.07,0.11,,0.11,0.14,,"binder",false,"","U","Enchantment — Aura",nm,"undefined","undefined"
2x2,Double Masters 2022,en,92,"Strands of Undeath",1,false,15434,https://cards.scryfall.io/normal/front/c/9/c95efd3d-ee88-4908-908a-830595f03c5d.jpg?1673147652,"Enchant",Dave Allsop,common,0.01,0.03,,0.08,0.06,,"binder",false,"","B","Enchantment — Aura",nm,"undefined","undefined"
2x2,Double Masters 2022,en,48,"Eel Umbra",1,false,3538,https://cards.scryfall.io/normal/front/b/4/b4ab47ce-a6dd-4839-ab41-053c5c5de768.jpg?1673147283,"Totem armor,Enchant,Flash",Howard Lyon,common,0.07,0.13,,0.13,0.16,,"binder",false,"","U","Enchantment — Aura",nm,"undefined","undefined"
2x2,Double Masters 2022,en,146,"Experiment One",1,false,7054,https://cards.scryfall.io/normal/front/5/8/589d8494-58c0-4584-a878-37d498621992.jpg?1673148094,"Evolve",Jack Wang,common,0.08,0.12,,0.11,0.12,,"binder",false,"","G","Creature — Human Ooze",nm,"undefined","undefined"
2x2,Double Masters 2022,en,178,"Auger Spree",1,false,17003,https://cards.scryfall.io/normal/front/f/0/f0d7413b-2ad3-4e8f-8728-5649f938d06e.jpg?1673148338,"",Raymond Swanland,common,0.02,0.02,,0.03,0.08,,"binder",false,"","B,R","Instant",nm,"undefined","undefined"
2x2,Double Masters 2022,en,332,"Cryptic Spires",1,false,5265,https://cards.scryfall.io/normal/front/3/0/309a6684-ecb3-491c-899a-3aa15a51130b.jpg?1682718911,"",Sam Burley,common,0.07,,,0.12,,,"binder",false,"inverted","","Land",nm,"undefined","undefined"
lci,The Lost Caverns of Ixalan,en,28,"Oltec Cloud Guard",1,false,21052,https://cards.scryfall.io/normal/front/0/2/02d68a38-2e0b-401b-b67d-a55e2af5b18d.jpg?1699043317,"Flying",Evyn Fong,common,0.02,0.02,,0.08,0.09,,"binder",false,"","W","Creature — Human Soldier",nm,"undefined","undefined"
lci,The Lost Caverns of Ixalan,en,45,"Ancestral Reminiscence",1,false,16686,https://cards.scryfall.io/normal/front/6/2/625690d3-7131-45de-adea-9c927241e661.jpg?1699043525,"",Artur Treffner,common,0.05,0.02,,0.09,0.06,,"binder",false,"","U","Sorcery",nm,"undefined","undefined"
lci,The Lost Caverns of Ixalan,en,9,"Deconstruction Hammer",2,false,17162,https://cards.scryfall.io/normal/front/0/c/0c7ba382-18c4-4833-b3d2-bd469ae2ad77.jpg?1699043140,"Equip",Dibujante Nocturno,common,0.03,0.04,,0.07,0.13,,"binder",false,"","W","Artifact — Equipment",nm,"undefined","undefined"
lci,The Lost Caverns of Ixalan,en,27,"Oltec Archaeologists",2,false,21315,https://cards.scryfall.io/normal/front/5/7/57c21561-2213-4524-89a6-30a305843e5a.jpg?1699043308,"Scry",Winona Nelson,common,0.02,0.01,,0.06,0.03,,"binder",false,"","W","Creature — Human Artificer Scout",nm,"undefined","undefined"
lci,The Lost Caverns of Ixalan,en,19,"Kinjalli's Dawnrunner",1,false,20293,https://cards.scryfall.io/normal/front/f/c/fc4c527c-6963-47f4-bcad-841d06bb2211.jpg?1699043231,"Explore,Double strike",Arash Radkia,uncommon,0.03,0.04,,0.06,0.13,,"binder",false,"","W","Creature — Human Scout",nm,"undefined","undefined"
lci,The Lost Caverns of Ixalan,en,236,"Nicanzil, Current Conductor",1,false,7476,https://cards.scryfall.io/normal/front/5/e/5e6f4aba-3500-4fb7-ab78-02f63c03778a.jpg?1699044562,"Explore",Fariba Khamseh,uncommon,0.03,0.03,,0.09,0.13,,"binder",false,"legendary","G,U","Legendary Creature — Merfolk Scout",nm,"undefined","undefined"
lci,The Lost Caverns of Ixalan,en,320,"Belligerent Yearling",1,false,9666,https://cards.scryfall.io/normal/front/c/f/cf4639ca-d4dc-4630-b696-a8107767cf1a.jpg?1699044834,"Trample",Sidharth Chaturvedi,uncommon,0.08,0.11,,,,,"binder",false,"","R","Creature — Dinosaur",nm,"undefined","boosterfun"
lci,The Lost Caverns of Ixalan,en,84,"Waterwind Scout",2,false,17998,https://cards.scryfall.io/normal/front/8/a/8a7738fb-0a1b-4010-b8c0-e1129739c765.jpg?1699044008,"Flying,Explore",Alix Branwyn,common,0.04,0.04,,0.08,0.06,,"binder",false,"","U","Creature — Merfolk Scout",nm,"undefined","undefined"
lci,The Lost Caverns of Ixalan,en,72,"River Herald Scout",2,false,15484,https://cards.scryfall.io/normal/front/8/a/8ae8ab66-5840-4b2e-bd4e-94ead0c79b61.jpg?1699043896,"Explore",Josu Hernaiz,common,0.06,0.08,,0.04,0.05,,"binder",false,"","U","Creature — Merfolk Scout",nm,"undefined","undefined"
lci,The Lost Caverns of Ixalan,en,77,"Song of Stupefaction",2,false,22490,https://cards.scryfall.io/normal/front/a/b/ab8f7a75-df5e-43b3-8c33-328ad0dc3c40.jpg?1699043938,"Fathomless descent,Enchant,Mill",Ernanda Souza,common,0.01,0.01,,0.06,0.03,,"binder",false,"","U","Enchantment — Aura",nm,"undefined","undefined"
lci,The Lost Caverns of Ixalan,en,31,"Quicksand Whirlpool",2,false,20402,https://cards.scryfall.io/normal/front/a/7/a74ddccb-ebbd-4fad-a9b6-6b9e9bafae31.jpg?1699043354,"",LA Draws,common,0.02,0.02,,0.11,0.09,,"binder",false,"","W","Instant",nm,"undefined","undefined"
lci,The Lost Caverns of Ixalan,en,150,"Geological Appraiser",1,false,15204,https://cards.scryfall.io/normal/front/7/f/7f9c1a82-695b-4df2-8e51-2d71a62e7baf.jpg?1701690520,"Discover",Alix Branwyn,uncommon,0.18,0.39,,0.17,0.29,,"binder",false,"","R","Creature — Human Artificer",nm,"undefined","undefined"
lci,The Lost Caverns of Ixalan,en,16,"Guardian of the Great Door",1,false,22075,https://cards.scryfall.io/normal/front/a/8/a86f3cb2-7822-4c19-bd84-cea177e5b6e9.jpg?1699043203,"Flying",Justyna Dura,uncommon,0.02,0.06,,0.03,0.12,,"binder",false,"","W","Creature — Angel",nm,"undefined","undefined"
lci,The Lost Caverns of Ixalan,en,8,"Dauntless Dismantler",1,false,5583,https://cards.scryfall.io/normal/front/3/d/3d771631-0aab-4f09-b9a6-49b6b2d8d2aa.jpg?1699043129,"",Dibujante Nocturno,uncommon,0.36,1.99,,0.20,0.48,,"binder",false,"","W","Creature — Human Artificer",nm,"undefined","undefined"
lci,The Lost Caverns of Ixalan,en,277,"Hidden Volcano",2,false,7372,https://cards.scryfall.io/normal/front/9/f/9fa06aed-52c1-48f1-9906-362db12a3cf7.jpg?1699044687,"Discover",Logan Feliciano,common,0.05,0.19,,0.09,0.13,,"binder",false,"","","Land — Cave",nm,"undefined","undefined"
lci,The Lost Caverns of Ixalan,en,110,"Join the Dead",2,false,13752,https://cards.scryfall.io/normal/front/b/5/b5bf6c25-a7d7-40b6-aa19-f852d348967f.jpg?1699044147,"Descend",Olivier Bernard,common,0.03,0.03,,0.09,0.10,,"binder",false,"","B","Instant",nm,"undefined","undefined"
lci,The Lost Caverns of Ixalan,en,118,"Screaming Phantom",1,false,20176,https://cards.scryfall.io/normal/front/b/c/bc2f3efb-1526-48c0-842a-374af63ea467.jpg?1699044172,"Flying,Mill",Halil Ural,common,0.02,0.01,,0.14,0.11,,"binder",false,"","B","Creature — Spirit",nm,"undefined","undefined"
lci,The Lost Caverns of Ixalan,en,104,"Echo of Dusk",2,false,18032,https://cards.scryfall.io/normal/front/3/1/319a457c-89b7-47f6-a13c-20bb50d41138.jpg?1699044129,"Descend",Domenico Cava,common,0.03,0.05,,0.06,0.12,,"binder",false,"","B","Creature — Vampire Spirit",nm,"undefined","undefined"
lci,The Lost Caverns of Ixalan,en,59,"Hurl into History",1,false,16842,https://cards.scryfall.io/normal/front/5/9/5946463a-2240-4376-b6f5-fd6e3a9cc51c.jpg?1699576505,"Discover",Eli Minaya,uncommon,0.04,0.04,,0.07,0.13,,"binder",false,"","U","Instant",nm,"undefined","undefined"
lci,The Lost Caverns of Ixalan,en,93,"Bloodthorn Flail",2,false,19949,https://cards.scryfall.io/normal/front/d/b/db38babd-57e8-4e59-9701-11a0682baa77.jpg?1699044095,"Equip",Igor Kieryluk,uncommon,0.05,0.10,,0.06,0.11,,"binder",false,"","B","Artifact — Equipment",nm,"undefined","undefined"
lci,The Lost Caverns of Ixalan,en,10,"Dusk Rose Reliquary",2,false,12909,https://cards.scryfall.io/normal/front/a/5/a5f231ef-4167-4b0a-b54c-a098b2eb2f6f.jpg?1699043151,"Ward",Samuel Araya,uncommon,0.06,0.14,,0.10,0.13,,"binder",false,"","W","Artifact",nm,"undefined","undefined"
lci,The Lost Caverns of Ixalan,en,82,"Unlucky Drop",1,false,22974,https://cards.scryfall.io/normal/front/7/6/76ebb2df-8891-434e-9cd0-f25b848cb754.jpg?1699043981,"",Patrik Hell,common,0.01,0.01,,0.09,0.02,,"binder",false,"","U","Instant",nm,"undefined","undefined"
lci,The Lost Caverns of Ixalan,en,99,"Dead Weight",2,false,12514,https://cards.scryfall.io/normal/front/8/2/82e6b971-3f5b-47e7-8209-98d72ee781fc.jpg?1699044112,"Enchant",Javier Charro,common,0.01,0.04,,0.08,0.08,,"binder",false,"","B","Enchantment — Aura",nm,"Мертвый Груз","undefined"
lci,The Lost Caverns of Ixalan,en,46,"Brackish Blunder",1,false,17178,https://cards.scryfall.io/normal/front/d/e/dea3d0f4-76f5-416f-93ba-8b003b967816.jpg?1699043535,"Explore",Daarken,common,0.02,0.03,,0.04,0.06,,"binder",false,"","U","Instant",nm,"undefined","undefined"
lci,The Lost Caverns of Ixalan,en,252,"Digsite Conservator",1,false,17427,https://cards.scryfall.io/normal/front/d/f/dfa3cd5e-b727-479d-9a77-9f320b92f3f2.jpg?1699044605,"Discover",Racrufi,uncommon,0.02,0.02,,0.04,0.05,,"binder",false,"","","Artifact Creature — Gnome",nm,"undefined","undefined"
lci,The Lost Caverns of Ixalan,en,22,"Market Gnome",1,false,12880,https://cards.scryfall.io/normal/front/3/6/36dafcd6-ce4e-4a27-bd8c-fa1a3bffc99e.jpg?1699043256,"",Gaboleps,uncommon,0.07,0.22,,0.11,0.15,,"binder",false,"","W","Artifact Creature — Gnome",nm,"undefined","undefined"
lci,The Lost Caverns of Ixalan,en,25,"Mischievous Pup",1,false,17769,https://cards.scryfall.io/normal/front/7/c/7c219861-f808-456f-b551-37512764062d.jpg?1699043282,"Flash",Devin Platts,uncommon,0.02,0.05,,0.08,0.10,,"binder",false,"","W","Creature — Dog",nm,"undefined","undefined"
mh2,Modern Horizons 2,en,2,"Arcbound Javelineer",1,false,8887,https://cards.scryfall.io/normal/front/f/e/fe4a2cb0-4129-451e-a946-a21ea646cc28.jpg?1626093229,"Modular",Eric Deschamps,uncommon,0.05,0.10,,0.07,0.24,,"binder",false,"","W","Artifact Creature — Soldier",nm,"Электросвязанный Копейщик","undefined"
tths,Theros Tokens,en,3,"Soldier",1,false,,https://cards.scryfall.io/normal/front/6/8/688c8e63-1462-4ad6-8872-216384160b58.jpg?1562636809,"",Svetlin Velinov,common,0.06,,,,,,"binder",false,"","W","Token Creature — Soldier",nm,"undefined","setpromo"
mh2,Modern Horizons 2,ru,60,"Said // Done",1,false,10499,https://cards.scryfall.io/normal/front/4/3/43ab3ed2-2b50-4488-a21f-60965222970a.jpg?1656606435,"",Dallas Williams,uncommon,0.04,0.16,,0.08,0.12,,"binder",false,"","U","Sorcery // Instant",nm,"Said // Done","undefined"
mh2,Modern Horizons 2,ru,36,"Unbounded Potential",2,false,6034,https://cards.scryfall.io/normal/front/9/9/9955a344-dcd8-404d-9757-f62ed158ba22.jpg?1626094205,"Entwine,Proliferate",Iain McCaig,common,0.05,0.12,,0.09,0.12,,"binder",false,"","W","Instant",nm,"Безграничный Потенциал","undefined"
mh2,Modern Horizons 2,ru,46,"Hard Evidence",2,false,5980,https://cards.scryfall.io/normal/front/5/0/501599d6-1072-4124-b05d-01f96de153f3.jpg?1626094482,"Investigate",Yeong-Hao Han,common,0.06,0.13,,0.15,0.35,,"binder",false,"","U","Sorcery",nm,"Крепкая Улика","undefined"
mh2,Modern Horizons 2,ru,65,"Steelfin Whale",2,false,17202,https://cards.scryfall.io/normal/front/7/e/7e7ca8b6-d7e0-4af2-a578-bf45a8731c19.jpg?1626095009,"Affinity",Milivoj Ćeran,common,0.06,0.05,,0.05,0.12,,"binder",false,"","U","Creature — Whale",nm,"Кит Стальных Плавников","undefined"
mh2,Modern Horizons 2,ru,392,"Step Through",1,false,2384,https://cards.scryfall.io/normal/front/c/5/c5688978-1744-4986-bda3-09629541b827.jpg?1626102724,"Wizardcycling,Typecycling,Cycling",Randy Gallegos,common,0.05,0.19,0.17,0.06,0.18,,"binder",false,"","U","Sorcery",nm,"Через Проход","boosterfun"
mh2,Modern Horizons 2,ru,190,"Chrome Courier",2,false,10533,https://cards.scryfall.io/normal/front/a/1/a11d8da1-a183-470a-b4ed-2e35ac5ab9a9.jpg?1626098185,"Flying",Hector Ortiz,common,0.03,0.04,,0.08,0.13,,"binder",false,"","U,W","Artifact Creature — Thopter",nm,"Хромовый Гонец","undefined"
mh2,Modern Horizons 2,ru,329,"Late to Dinner",1,false,5498,https://cards.scryfall.io/normal/front/4/6/4613fc96-a98d-4ea8-b1e2-0a776dfd4d5a.jpg?1626101149,"Food",Kev Walker,common,0.03,0.09,,0.06,0.13,,"binder",false,"showcase","W","Sorcery",nm,"Опоздать на Ужин","boosterfun"
mh2,Modern Horizons 2,ru,15,"Guardian Kirin",1,false,17039,https://cards.scryfall.io/normal/front/7/5/754b4061-3009-46e4-8602-8349c6367cbf.jpg?1626093592,"Flying",Anastasia Ovchinnikova,common,0.02,0.03,,0.04,0.11,,"binder",false,"","W","Creature — Kirin",nm,"Кирин-Хранитель","undefined"
mh2,Modern Horizons 2,ru,17,"Knighted Myr",1,false,8100,https://cards.scryfall.io/normal/front/e/e/ee638303-fa02-41b6-8954-156544566b57.jpg?1626093666,"Adapt",Izzy,common,0.04,0.12,,0.04,0.14,,"binder",false,"","W","Artifact Creature — Myr Knight",nm,"Посвященный в Рыцари Миэр","undefined"
mh2,Modern Horizons 2,ru,335,"Floodhound",1,false,10954,https://cards.scryfall.io/normal/front/b/5/b56d6402-a941-46cc-b1d6-352d5aa5cc3f.jpg?1626101286,"Investigate",Lius Lasahido,common,0.02,0.01,,0.03,0.11,,"binder",false,"showcase","U","Creature — Elemental Dog",nm,"Пес Потопа","boosterfun"
mh2,Modern Horizons 2,ru,233,"Sanctuary Raptor",1,false,20722,https://cards.scryfall.io/normal/front/c/c/ccbdb1eb-2546-4c1a-bfab-ef61bdadd364.jpg?1626108502,"Flying",Drew Baker,uncommon,0.02,0.02,,0.08,0.05,,"binder",false,"","","Artifact Creature — Bird",nm,"Раптор Святилища","undefined"
mh2,Modern Horizons 2,ru,48,"Junk Winder",1,false,1592,https://cards.scryfall.io/normal/front/6/6/66b7833a-a6b6-4aca-b574-66a6aea471ea.jpg?1626094538,"Affinity",Campbell White,uncommon,0.26,0.71,,0.16,0.46,,"binder",false,"","U","Creature — Serpent",nm,"Мусорный Змей","undefined"
mh2,Modern Horizons 2,ru,11,"Disciple of the Sun",1,false,14550,https://cards.scryfall.io/normal/front/a/d/ad9723a1-7c5f-49ea-a8c6-24ee572d839f.jpg?1626093478,"Lifelink",Eric Deschamps,common,0.02,0.03,,0.02,0.12,,"binder",false,"","W","Creature — Human Cleric",nm,"Ученик Солнца","undefined"
mh2,Modern Horizons 2,ru,6,"Blacksmith's Skill",1,false,1717,https://cards.scryfall.io/normal/front/3/1/31506792-d0ab-4c13-9ab8-6fa433220dbf.jpg?1626093336,"",Jason A. Engle,common,0.19,0.20,,0.12,0.21,,"binder",false,"","W","Instant",nm,"Кузнечное Мастерство","undefined"
mh2,Modern Horizons 2,ru,4,"Arcbound Prototype",1,false,9622,https://cards.scryfall.io/normal/front/1/c/1cb0a1a4-9216-47f8-a4e3-20fe0de6a518.jpg?1626093282,"Modular",Svetlin Velinov,common,0.04,0.04,,0.04,0.16,,"binder",false,"","W","Artifact Creature — Assembly-Worker",nm,"Электросвязанный Прототип","undefined"
mh2,Modern Horizons 2,ru,5,"Barbed Spike",1,false,12342,https://cards.scryfall.io/normal/front/c/7/c75c8631-e630-402b-a559-f1b1aa49763c.jpg?1626093305,"Equip",James Paick,uncommon,0.04,0.15,,0.11,0.17,,"binder",false,"","W","Artifact — Equipment",nm,"Колючий Шип","undefined"
mh2,Modern Horizons 2,ru,226,"Fodder Tosser",1,false,19144,https://cards.scryfall.io/normal/front/f/d/fd401525-b874-4af2-99a3-c2c83e22547e.jpg?1626099071,"",Gabor Szikszai,common,0.04,0.05,,0.11,0.23,,"binder",false,"","","Artifact",nm,"Мясомет","undefined"
mh2,Modern Horizons 2,ru,389,"Aeromoeba",1,false,20993,https://cards.scryfall.io/normal/front/2/5/25de0eb6-94f5-440f-8201-cc7dad2f0805.jpg?1626102652,"Flying",Victor Adame Minguez,common,0.02,0.03,0.04,0.04,0.22,,"binder",false,"","U","Creature — Elemental Beast",nm,"Аэромеба","boosterfun"
mh2,Modern Horizons 2,ru,62,"Shattered Ego",2,false,23227,https://cards.scryfall.io/normal/front/1/9/191d1ab9-cd9e-4351-9acd-d7a57b963253.jpg?1626094920,"Enchant",Chris Cold,common,0.01,0.01,,0.05,0.04,,"binder",false,"","U","Enchantment — Aura",nm,"Раздавленное Эго","undefined"
mh2,Modern Horizons 2,ru,54,"Parcel Myr",1,false,9045,https://cards.scryfall.io/normal/front/0/f/0f288ee5-4bf9-476a-a89f-b6b8fa7e87dc.jpg?1626094704,"",Wisnu Tan,common,0.03,0.07,,0.05,0.17,,"binder",false,"","U","Artifact Creature — Clue Myr",nm,"Посыльный Миэр","undefined"
mh2,Modern Horizons 2,ru,229,"Monoskelion",1,false,13854,https://cards.scryfall.io/normal/front/4/7/4736aae2-5136-4f8f-9283-baf6b542a6a8.jpg?1626099142,"",Jason A. Engle,uncommon,0.01,0.08,,0.09,0.11,,"binder",false,"","","Artifact Creature — Construct",nm,"Моноскелион","undefined"
mh2,Modern Horizons 2,ru,300,"Zuran Orb",1,false,1576,https://cards.scryfall.io/normal/front/6/1/618c8ecc-686d-41de-b9b1-1a7ee9cc7c14.jpg?1631302940,"",Ryan Pancoast,uncommon,0.20,0.30,0.63,0.16,0.47,,"binder",false,"","","Artifact",nm,"Шар Зура","undefined"
mh2,Modern Horizons 2,ru,258,"Thornglint Bridge",1,false,3351,https://cards.scryfall.io/normal/front/9/d/9d483643-6a11-47f7-a0aa-190e0179525f.jpg?1626099925,"Indestructible",Randy Gallegos,common,0.16,0.36,,0.11,0.38,,"binder",false,"","","Artifact Land",nm,"Мост Блестящих Шипов","undefined"
mh2,Modern Horizons 2,ru,358,"Timeless Witness",1,false,947,https://cards.scryfall.io/normal/front/8/a/8a0f47b0-2254-4df2-b3dc-74c1d3811d2f.jpg?1626101856,"Eternalize",Deruchenko Alexander,uncommon,0.16,0.49,,0.23,0.54,,"binder",false,"showcase","G","Creature — Human Shaman",nm,"Извечная Свидетельница","boosterfun"
mh2,Modern Horizons 2,ru,169,"Orchard Strider",1,false,9529,https://cards.scryfall.io/normal/front/3/8/386da156-59cd-4b96-9276-a7cb2ddd0421.jpg?1626097679,"Landcycling,Food,Basic landcycling,Typecycling,Cycling",Raoul Vitale,common,0.03,0.10,,0.07,0.16,,"binder",false,"","G","Creature — Treefolk",nm,"Фруктовый Шатун","undefined"
mh2,Modern Horizons 2,ru,134,"Lightning Spear",1,false,12867,https://cards.scryfall.io/normal/front/f/7/f72fcda4-feb4-46e4-87d9-88bd95474fe9.jpg?1626096824,"Equip",Steven Belledin,common,0.01,0.04,,0.12,0.10,,"binder",false,"","R","Artifact — Equipment",nm,"Пика Молнии","undefined"
mh2,Modern Horizons 2,ru,217,"Wavesifter",1,false,6752,https://cards.scryfall.io/normal/front/0/a/0a269277-7f4e-40de-a2b4-53aa50cfd665.jpg?1626098852,"Flying,Investigate,Evoke",Nils Hamm,common,0.04,0.10,,0.12,0.18,,"binder",false,"","G,U","Creature — Elemental",nm,"Волногляд","undefined"
mh2,Modern Horizons 2,ru,133,"Kaleidoscorch",1,false,22776,https://cards.scryfall.io/normal/front/a/5/a5f07603-fd79-437a-9b12-495fc5a39b68.jpg?1626096801,"Converge,Flashback",Andrew Mar,uncommon,0.03,0.03,,0.05,0.05,,"binder",false,"","R","Sorcery",nm,"Калейдопламя","undefined"
mh2,Modern Horizons 2,ru,99,"Sinister Starfish",1,false,12017,https://cards.scryfall.io/normal/front/d/b/db209732-c290-4999-a1aa-2369dfa8790c.jpg?1626095906,"Surveil",Nils Hamm,common,0.05,0.04,,0.11,0.15,,"binder",false,"","B","Creature — Starfish",nm,"Зловещая Морская Звезда","undefined"
mh2,Modern Horizons 2,ru,246,"Drossforge Bridge",1,false,1599,https://cards.scryfall.io/normal/front/5/b/5b46b8d8-723a-4752-b97d-29ef83bd294c.jpg?1626099621,"Indestructible",Raoul Vitale,common,0.25,0.77,,0.23,0.23,,"binder",false,"","","Artifact Land",nm,"Мост Дроссовой Кузни","undefined"
mh2,Modern Horizons 2,ru,24,"Piercing Rays",1,false,14580,https://cards.scryfall.io/normal/front/e/a/eaeb9fd0-c46a-4246-838f-a5b7a8ea8eef.jpg?1626093888,"Forecast",Bryan Sola,common,0.05,0.05,,0.04,0.07,,"binder",false,"","W","Sorcery",nm,"Пронзающие Лучи","undefined"
mh2,Modern Horizons 2,ru,51,"Mental Journey",1,false,10930,https://cards.scryfall.io/normal/front/0/e/0ec38124-46ae-4a38-aab2-8a73cc22b1ef.jpg?1626094626,"Landcycling,Basic landcycling,Typecycling,Cycling",Jim Pavelec,common,0.02,0.06,,0.11,0.24,,"binder",false,"","U","Instant",nm,"Мысленное Путешествие","undefined"
mh2,Modern Horizons 2,ru,33,"Soul of Migration",1,false,16350,https://cards.scryfall.io/normal/front/4/5/4541217f-5e86-491b-918b-ed7a2eb3e4eb.jpg?1626094130,"Flying,Evoke",Kev Walker,common,0.04,0.03,,0.09,0.10,,"binder",false,"","W","Creature — Elemental",nm,"Душа Миграции","undefined"
mh2,Modern Horizons 2,ru,57,"Recalibrate",3,false,16421,https://cards.scryfall.io/normal/front/b/9/b95cc841-4e4f-4896-a073-f2e246ca62e4.jpg?1626094775,"",Volkan Baǵa,common,0.02,0.03,,0.03,0.04,,"binder",false,"","U","Instant",nm,"Перекалибровка","undefined"
mh2,Modern Horizons 2,ru,239,"Tormod's Cryptkeeper",2,false,10376,https://cards.scryfall.io/normal/front/0/5/05900f1d-f065-4656-a8a2-2f719d3fdea8.jpg?1626099378,"Vigilance",Greg Staples,common,0.01,0.06,,0.13,0.11,,"binder",false,"","","Artifact Creature — Golem",nm,"Хранитель Склепа Тормода","undefined"
mh2,Modern Horizons 2,ru,220,"Altar of the Goyf",2,false,14561,https://cards.scryfall.io/normal/front/e/0/e0b3a98f-2b3c-438b-b78c-eef8d917f68e.jpg?1653898014,"",Yeong-Hao Han,uncommon,0.03,0.08,,0.13,0.09,,"binder",false,"","","Tribal Artifact — Lhurgoyf",nm,"Алтарь Гойфа","undefined"
mh2,Modern Horizons 2,ru,63,"So Shiny",1,false,18576,https://cards.scryfall.io/normal/front/1/3/135db79f-6f07-486c-ae3a-d4244aaf6dc8.jpg?1626094953,"Enchant,Scry",Drew Tucker,common,0.02,0.10,,0.17,0.12,,"binder",false,"","U","Enchantment — Aura",nm,"Слепящий Блеск","undefined"
mh2,Modern Horizons 2,ru,7,"Blossoming Calm",1,false,12951,https://cards.scryfall.io/normal/front/7/9/792610fd-736d-43b0-8899-dbb5accddca0.jpg?1626093363,"Rebound",Michael C. Hayes,uncommon,0.04,0.16,,0.14,0.34,,"binder",false,"","W","Instant",nm,"Цветущее Спокойствие","undefined"
mh2,Modern Horizons 2,ru,66,"Step Through",1,false,2384,https://cards.scryfall.io/normal/front/7/1/716534cb-aa89-4de7-9aa5-8d8aa4422a6a.jpg?1626095032,"Wizardcycling,Typecycling,Cycling",Randy Gallegos,common,0.08,0.11,,0.13,0.20,,"binder",false,"","U","Sorcery",nm,"Через Проход","undefined"
mh2,Modern Horizons 2,ru,213,"Storm God's Oracle",1,false,22529,https://cards.scryfall.io/normal/front/a/6/a6d22f24-f752-4bc8-ba97-061b2c060ec8.jpg?1681729360,"",Pauline Voss,common,0.05,0.02,,0.02,0.06,,"binder",false,"nyxtouched","R,U","Enchantment Creature — Human Shaman",nm,"Оракул Бога Бурь","undefined"
lci,The Lost Caverns of Ixalan,en,273,"Hidden Cataract",1,false,9310,https://cards.scryfall.io/normal/front/6/9/69f317fc-f603-45b5-9208-545be4dcbf36.jpg?1699044678,"Discover",Josu Solano,common,0.03,0.11,,0.07,0.07,,"binder",false,"","","Land — Cave",nm,"undefined","undefined"
lci,The Lost Caverns of Ixalan,en,202,"Mineshaft Spider",1,false,19441,https://cards.scryfall.io/normal/front/b/7/b75a3639-a917-4700-a093-14a4cda78d9f.jpg?1699044458,"Reach,Mill",Sam Rowan,common,0.02,0.03,,0.13,0.07,,"binder",false,"","G","Creature — Spider",nm,"undefined","undefined"
lci,The Lost Caverns of Ixalan,en,218,"Walk with the Ancestors",1,false,14287,https://cards.scryfall.io/normal/front/7/1/71a6f85b-5ef8-4526-9c86-7cb71508b4c0.jpg?1699044508,"Discover",Loïc Canavaggia,common,0.01,0.04,,0.11,0.07,,"binder",false,"","G","Sorcery",nm,"undefined","undefined"
lci,The Lost Caverns of Ixalan,en,248,"Cartographer's Companion",1,false,18338,https://cards.scryfall.io/normal/front/d/b/dbd8115e-4cb3-49b6-b74f-8fcfa28c6404.jpg?1699044595,"Explore",Chuck Lukacs,common,0.01,0.02,,0.08,0.07,,"binder",false,"","","Artifact Creature — Gnome",nm,"undefined","undefined"
lci,The Lost Caverns of Ixalan,en,103,"Defossilize",1,false,14478,https://cards.scryfall.io/normal/front/3/d/3d9abaec-af72-4399-b162-5e62e7487242.jpg?1699044122,"Explore",Dibujante Nocturno,uncommon,0.03,0.05,,0.06,0.09,,"binder",false,"","B","Sorcery",nm,"undefined","undefined"
lci,The Lost Caverns of Ixalan,en,224,"Bartolomé del Presidio",1,false,5076,https://cards.scryfall.io/normal/front/6/9/690ccdc7-6c43-4902-9d11-2f07b7a36b11.jpg?1699044523,"",Randy Gallegos,uncommon,0.05,0.27,,0.09,0.18,,"binder",false,"legendary","B,W","Legendary Creature — Vampire Knight",nm,"undefined","undefined"
lci,The Lost Caverns of Ixalan,en,268,"Captivating Cave",1,false,9927,https://cards.scryfall.io/normal/front/1/d/1d1a645e-85c7-4044-b817-6e24744d245e.jpg?1699044664,"",Lorenzo Lanfranconi,common,0.04,0.12,,0.09,0.06,,"binder",false,"","","Land — Cave",nm,"undefined","undefined"
lci,The Lost Caverns of Ixalan,en,24,"Miner's Guidewing",1,false,15834,https://cards.scryfall.io/normal/front/9/0/9048cd9d-df3f-4705-a5f4-e5b09760c631.jpg?1699043273,"Flying,Vigilance,Explore",Allen Douglas,common,0.04,0.04,,0.07,0.09,,"binder",false,"","W","Creature — Bird",nm,"undefined","undefined"
lci,The Lost Caverns of Ixalan,en,159,"Panicked Altisaur",1,false,13338,https://cards.scryfall.io/normal/front/a/d/ad371c97-a266-4a88-9d28-2e889a37ba00.jpg?1699044315,"Reach",Lars Grant-West,common,0.03,0.06,,0.12,0.06,,"binder",false,"","R","Creature — Dinosaur",nm,"undefined","undefined"
lci,The Lost Caverns of Ixalan,en,40,"Tinker's Tote",1,false,15609,https://cards.scryfall.io/normal/front/8/3/8321857e-7977-46dd-8357-d732312e5261.jpg?1699043462,"",Julia Metzger,common,0.03,0.07,,0.06,0.13,,"binder",false,"","W","Artifact",nm,"undefined","undefined"
lci,The Lost Caverns of Ixalan,en,51,"Council of Echoes",1,false,22766,https://cards.scryfall.io/normal/front/8/5/85ad358d-a520-4d57-82b0-d2297da1fbde.jpg?1699043588,"Flying,Descend",Fariba Khamseh,uncommon,0.01,0.01,,0.02,0.11,,"binder",false,"","U","Creature — Spirit Advisor",nm,"undefined","undefined"
lci,The Lost Caverns of Ixalan,en,206,"Pathfinding Axejaw",1,false,14833,https://cards.scryfall.io/normal/front/9/f/9f619075-ca5d-4e09-bd84-31e6b61eaa7e.jpg?1699044470,"Explore",Raoul Vitale,common,0.03,0.05,,0.09,0.13,,"binder",false,"","G","Creature — Dinosaur",nm,"undefined","undefined"
lci,The Lost Caverns of Ixalan,en,144,"Dinotomaton",1,false,16330,https://cards.scryfall.io/normal/front/9/d/9de1a93e-ec71-45fa-b0b8-2c21123e390c.jpg?1699044263,"Menace",Zoltan Boros,common,0.05,0.02,,0.08,0.07,,"binder",false,"","R","Artifact Creature — Dinosaur Gnome",nm,"undefined","undefined"
lci,The Lost Caverns of Ixalan,en,75,"Shipwreck Sentry",1,false,23547,https://cards.scryfall.io/normal/front/8/1/814803bc-72cd-46db-b957-4322f2a7b28a.jpg?1699043922,"Defender",Ryan Valle,common,0.02,0.02,,0.10,0.02,,"binder",false,"","U","Creature — Human Pirate",nm,"undefined","undefined"
lci,The Lost Caverns of Ixalan,en,195,"Jade Seedstones // Jadeheart Attendant",1,false,20345,https://cards.scryfall.io/normal/front/b/b/bb95ffc2-ef35-49bf-8211-c5354d176051.jpg?1699122172,"Craft,Transform",Alexandre Honoré,uncommon,0.01,0.02,,0.03,0.08,,"binder",false,"","G","Artifact // Artifact Creature — Golem",nm,"undefined","undefined"
lci,The Lost Caverns of Ixalan,en,180,"Colossadactyl",1,false,14751,https://cards.scryfall.io/normal/front/8/7/8702e776-be2c-48a9-9bc5-bb8ea514333b.jpg?1699044383,"Reach,Trample",Campbell White,uncommon,0.05,0.05,,0.09,0.08,,"binder",false,"","G","Creature — Dinosaur",nm,"undefined","undefined"
lci,The Lost Caverns of Ixalan,en,117,"Ray of Ruin",1,false,22342,https://cards.scryfall.io/normal/front/d/4/d440d90e-ac7e-4715-971a-700c977c7fde.jpg?1699044171,"Scry",Sam Rowan,common,0.01,0.03,,0.09,0.07,,"binder",false,"","B","Sorcery",nm,"undefined","undefined"
lci,The Lost Caverns of Ixalan,en,203,"Nurturing Bristleback",1,false,13243,https://cards.scryfall.io/normal/front/0/8/081d5c9e-71da-4454-ae4e-c76cb7790d20.jpg?1699044460,"Landcycling,Forestcycling,Typecycling,Cycling",John Tedrick,common,0.02,0.03,,0.07,0.08,,"binder",false,"","G","Creature — Dinosaur",nm,"undefined","undefined"
lci,The Lost Caverns of Ixalan,en,160,"Plundering Pirate",1,false,16972,https://cards.scryfall.io/normal/front/5/b/5bb2552f-8370-4931-83e1-93706d51413a.jpg?1699044322,"Treasure",Francisco Miyara,common,0.01,0.03,,0.04,0.06,,"binder",false,"","R","Creature — Orc Pirate",nm,"undefined","undefined"
lci,The Lost Caverns of Ixalan,en,7,"Cosmium Blast",1,false,19694,https://cards.scryfall.io/normal/front/1/9/193d1eac-ede7-4f75-9c74-05133b215f93.jpg?1699043121,"",Caroline Gariba,common,0.01,0.02,,0.10,0.02,,"binder",false,"","W","Instant",nm,"undefined","undefined"
lci,The Lost Caverns of Ixalan,en,205,"Over the Edge",1,false,10608,https://cards.scryfall.io/normal/front/2/3/23dddddb-5409-4c28-bf32-e6473f2cc620.jpg?1699044468,"Explore",Ryan Valle,common,0.03,0.09,,0.12,0.10,,"binder",false,"","G","Sorcery",nm,"undefined","undefined"
lci,The Lost Caverns of Ixalan,en,119,"Skullcap Snail",1,false,17532,https://cards.scryfall.io/normal/front/0/d/0d96d019-5d80-468a-b891-e3e99346372a.jpg?1699044176,"",Maxime Minard,common,0.03,0.03,,0.05,0.16,,"binder",false,"","B","Creature — Fungus Snail",nm,"undefined","undefined"
lci,The Lost Caverns of Ixalan,en,50,"Confounding Riddle",1,false,12924,https://cards.scryfall.io/normal/front/f/2/f2ae23db-c391-402c-9568-65447cada66e.jpg?1699043580,"",A. M. Sartor,uncommon,0.04,0.17,,0.14,0.12,,"binder",false,"","U","Instant",nm,"undefined","undefined"
lci,The Lost Caverns of Ixalan,en,261,"Sorcerous Spyglass",1,false,11112,https://cards.scryfall.io/normal/front/1/9/194b7899-6b44-4ecc-8ddc-ec24304eb14c.jpg?1699044632,"",Tyler Walpole,uncommon,0.03,0.02,,0.06,0.09,,"binder",false,"","","Artifact",nm,"Волшебная Подзорная Труба","undefined"
lci,The Lost Caverns of Ixalan,en,100,"Deathcap Marionette",1,false,12865,https://cards.scryfall.io/normal/front/c/c/ccc9d22c-dfce-4136-aed8-a5fe9bb852f2.jpg?1699044113,"Mill,Deathtouch",Svetlin Velinov,common,0.02,0.03,,0.10,0.21,,"binder",false,"","B","Creature — Fungus",nm,"undefined","undefined"
lci,The Lost Caverns of Ixalan,en,177,"Cavern Stomper",1,false,15643,https://cards.scryfall.io/normal/front/d/e/decdfd6b-55ab-47fd-9f98-1845261f1caf.jpg?1699044374,"Scry",David Szabo,common,0.02,0.04,,0.09,0.07,,"binder",false,"","G","Creature — Dinosaur",nm,"undefined","undefined"
lci,The Lost Caverns of Ixalan,en,85,"Waylaying Pirates",1,false,20602,https://cards.scryfall.io/normal/front/d/e/ded2bb06-7163-47fe-bede-9c192c9b8952.jpg?1699044017,"",Zoltan Boros,common,0.02,0.05,,0.11,0.03,,"binder",false,"","U","Creature — Human Pirate",nm,"undefined","undefined"
lci,The Lost Caverns of Ixalan,en,192,"In the Presence of Ages",1,false,16535,https://cards.scryfall.io/normal/front/9/7/97b1be22-3177-49af-bb06-42497d717c21.jpg?1699044424,"",Steve Prescott,common,0.02,0.05,,0.06,0.08,,"binder",false,"","G","Instant",nm,"undefined","undefined"
lci,The Lost Caverns of Ixalan,en,2,"Acrobatic Leap",1,false,16117,https://cards.scryfall.io/normal/front/4/7/47f82d84-03ad-42dd-80ce-f0ac5e353e46.jpg?1699043064,"",Fesbra,common,0.02,0.04,,0.13,0.05,,"binder",false,"","W","Instant",nm,"undefined","undefined"
lci,The Lost Caverns of Ixalan,en,255,"Hunter's Blowgun",1,false,12046,https://cards.scryfall.io/normal/front/3/3/3348abe7-6aa3-47f7-8203-a15f75007e33.jpg?1699044614,"Equip",Hector Ortiz,common,0.05,0.07,,0.10,0.12,,"binder",false,"","","Artifact — Equipment",nm,"undefined","undefined"
lci,The Lost Caverns of Ixalan,en,233,"Master's Guide-Mural // Master's Manufactory",1,false,12767,https://cards.scryfall.io/normal/front/f/7/f7a41343-7cdb-49aa-a9d1-7460195355d8.jpg?1699561966,"Craft,Transform",Racrufi,uncommon,0.06,0.06,,0.07,0.14,,"binder",false,"","U,W","Artifact // Artifact",nm,"undefined","undefined"
