set,set_name,lang,number,name,quantity,is_foil,edhrec_rank,image_url,keywords,artist,rarity,price_usd,price_usd_foil,price_usd_etched,price_eur,price_eur_foil,price_eur_etched,collection,is_list,frame,colors,types,condition,ru_name,promo_types
m20,Core Set 2020,en,226,"Golos, Tireless Pilgrim",1,true,,https://cards.scryfall.io/normal/front/1/f/1fa48620-4c3d-4f75-be1f-c12c4aa59f51.jpg?1631531828,"",Joseph Meehan,rare,1.66,6.20,,1.79,9.14,,"englishCards",false,"legendary","","Legendary Artifact Creature — Scout",nm,Гоулос Неутомимый Пилигрим,"undefined"
m20,Core Set 2020,en,40,"Steadfast Sentry",1,false,22281,https://cards.scryfall.io/normal/front/8/d/8d92614e-05da-4b5c-a98b-addf8ab2de7b.jpg?1592516235,"Vigilance",Bram Sels,common,0.02,0.69,,0.09,0.19,,"englishCards",false,"","W","Creature — Human Soldier",nm,Стойкий Часовой,"undefined"
jmp,Jumpstart,en,140,"Befuddle",1,false,17562,https://cards.scryfall.io/normal/front/9/4/94c1f80e-65b7-4534-bfd4-1ae88274945b.jpg?1600718515,"",Svetlin Velinov,common,0.02,,,0.07,,,"englishCards",false,"","U","Instant",nm,Сбить с Толку,"undefined"
m20,Core Set 2020,en,149,"Maniacal Rage",1,false,18716,https://cards.scryfall.io/normal/front/2/9/29a51b9b-881f-4f02-b49e-68fcca234161.jpg?1592517004,"Enchant",Heonhwa Choe,common,0.11,0.08,,0.02,0.10,,"englishCards",false,"","R","Enchantment — Aura",nm,Маниакальная Ярость,"undefined"
m20,Core Set 2020,en,196,"Thicket Crasher",2,false,8918,https://cards.scryfall.io/normal/front/5/3/534eb449-3f1c-46ec-a965-0f5812e2c93e.jpg?1592517400,"Trample",Mathias Kollros,common,0.08,0.32,,0.09,0.14,,"englishCards",false,"","G","Creature — Elemental Rhino",nm,Крушитель из Рощи,"undefined"
m20,Core Set 2020,en,142,"Goblin Bird-Grabber",1,false,21331,https://cards.scryfall.io/normal/front/5/4/54fbbf39-cd52-474a-908e-b7a78cb5eb5b.jpg?1592516953,"",Anna Podedworna,common,0.04,0.15,,0.09,0.17,,"englishCards",false,"","R","Creature — Goblin",nm,Гоблин-Птицелов,"undefined"
m20,Core Set 2020,en,101,"Feral Abomination",1,false,20805,https://cards.scryfall.io/normal/front/b/2/b2890cb5-7899-42f4-9686-a8b5ac796c23.jpg?1592516686,"Deathtouch",Darek Zabrocki,common,0.03,,,0.03,0.17,,"englishCards",false,"","B","Creature — Thrull",nm,Дикая Мерзость,"undefined"
m20,Core Set 2020,en,181,"Mammoth Spider",2,false,17530,https://cards.scryfall.io/normal/front/1/e/1ee9bca2-1195-4bd0-aa5c-16b3726a8ff2.jpg?1592517281,"Reach",Lars Grant-West,common,0.03,0.10,,0.02,0.12,,"englishCards",false,"","G","Creature — Spider",nm,Исполинский Паук,"undefined"
m20,Core Set 2020,en,234,"Pattern Matcher",1,false,21071,https://cards.scryfall.io/normal/front/a/d/ad608eb3-d387-4414-b194-703f38863896.jpg?1592517704,"",Jesper Ejsing,uncommon,0.04,0.35,,0.16,0.16,,"englishCards",false,"","","Artifact Creature — Golem",nm,Искатель Узоров,"undefined"
2x2,Double Masters 2022,en,74,"Disfigure",1,false,13263,https://cards.scryfall.io/normal/front/1/1/113d96bc-6c19-4dec-9e9d-c6ea50a30cbc.jpg?1673147501,"",Justin Sweet,common,0.01,0.01,,0.09,0.12,,"englishCards",false,"","B","Instant",nm,,"undefined"
m20,Core Set 2020,en,177,"Howling Giant",1,false,16716,https://cards.scryfall.io/normal/front/e/b/eb8434fd-5ee5-4be9-a28d-9e04b1b94327.jpg?1592517252,"Reach",Grzegorz Rutkowski,uncommon,0.06,0.20,,0.07,0.20,,"englishCards",false,"","G","Creature — Giant Druid",nm,Завывающий Гигант,"undefined"
m20,Core Set 2020,en,226,"Golos, Tireless Pilgrim",1,false,,https://cards.scryfall.io/normal/front/1/f/1fa48620-4c3d-4f75-be1f-c12c4aa59f51.jpg?1631531828,"",Joseph Meehan,rare,1.66,6.20,,1.79,9.14,,"englishCards",false,"legendary","","Legendary Artifact Creature — Scout",nm,Гоулос Неутомимый Пилигрим,"undefined"
m20,Core Set 2020,en,190,"Rabid Bite",1,false,5174,https://cards.scryfall.io/normal/front/f/0/f0d8ff93-6f62-4695-85ad-d70a0b928e92.jpg?1592517352,"",Karl Kopinski,common,0.02,0.13,,0.03,0.22,,"englishCards",false,"","G","Sorcery",nm,Бешеный Укус,"undefined"
pm20,Core Set 2020 Promos,en,131,"Chandra's Regulator",1,true,8527,https://cards.scryfall.io/normal/front/b/4/b4448017-850e-4613-8d55-4f633c67c7e9.jpg?1592416259,"",Mathias Kollros,rare,,0.27,,,0.36,,"englishCards",false,"legendary","R","Legendary Artifact",nm,,"bundle"
m20,Core Set 2020,en,251,"Scoured Barrens",1,false,657,https://cards.scryfall.io/normal/front/3/b/3b9edd33-a64e-4526-a89f-edd31ac4b175.jpg?1592517844,"",Eytan Zana,common,0.12,0.42,,0.02,0.18,,"englishCards",false,"","","Land",nm,Выжженные Пустоши,"undefined"
m20,Core Set 2020,en,154,"Reckless Air Strike",1,true,16235,https://cards.scryfall.io/normal/front/6/8/68391b41-4a17-4450-a8ac-0ce8406fe8c1.jpg?1592517048,"",Jakub Kasper,common,0.03,0.23,,0.07,0.11,,"englishCards",false,"","R","Sorcery",nm,Безрассудный Воздушный Налет,"undefined"
m20,Core Set 2020,en,11,"Dawning Angel",2,false,16620,https://cards.scryfall.io/normal/front/4/f/4f3d90ef-6f70-4897-85c1-4e1beeb33363.jpg?1592515997,"Flying",Yongjae Choi,common,0.05,0.25,,0.05,0.17,,"englishCards",false,"","W","Creature — Angel",nm,Восходящий Ангел,"undefined"
m20,Core Set 2020,en,82,"Zephyr Charge",2,false,18934,https://cards.scryfall.io/normal/front/d/a/da749962-25f2-4ddc-9e55-bf74d216284e.jpg?1592516551,"",Steve Prescott,common,0.11,0.15,,0.03,0.06,,"englishCards",false,"","U","Enchantment",nm,Порыв Западного Ветра,"undefined"
m20,Core Set 2020,en,170,"Feral Invocation",2,false,16537,https://cards.scryfall.io/normal/front/c/2/c2d08b7a-4ed9-4e4c-a52e-9bf2a16420a9.jpg?1592517198,"Enchant,Flash",Mathias Kollros,common,0.02,0.08,,0.05,0.14,,"englishCards",false,"","G","Enchantment — Aura",nm,Дикий Призыв,"undefined"
m20,Core Set 2020,en,49,"Boreal Elemental",2,false,22468,https://cards.scryfall.io/normal/front/4/7/47996512-d547-491f-b481-a9c83dff04db.jpg?1592516302,"Flying",Victor Adame Minguez,common,0.03,0.11,,0.02,0.07,,"englishCards",false,"","U","Creature — Elemental",nm,Полярный Элементаль,"undefined"
m20,Core Set 2020,en,84,"Audacious Thief",1,false,4713,https://cards.scryfall.io/normal/front/e/1/e1ff5e66-4718-43c3-8a58-1a0a8e788f83.jpg?1592516564,"",Dmitry Burmak,common,0.13,0.73,,0.10,0.51,,"englishCards",false,"","B","Creature — Human Rogue",nm,Дерзкий Вор,"undefined"
m20,Core Set 2020,en,152,"Pack Mastiff",1,false,25022,https://cards.scryfall.io/normal/front/3/9/39934090-36a6-4183-9176-97ea932d2685.jpg?1592517028,"",Svetlin Velinov,common,0.03,0.05,,0.04,0.11,,"englishCards",false,"","R","Creature — Dog",nm,Стайный Мастиф,"undefined"
m20,Core Set 2020,en,178,"Leafkin Druid",1,false,3348,https://cards.scryfall.io/normal/front/8/9/8968a942-72f6-42ad-ae9d-418a1dff0ab3.jpg?1592517260,"",Filip Burburan,common,0.06,0.55,,0.04,0.35,,"englishCards",false,"","G","Creature — Elemental Druid",nm,Листворожденный Друид,"undefined"
m20,Core Set 2020,en,124,"Act of Treason",1,false,4060,https://cards.scryfall.io/normal/front/2/0/20234668-53ce-4cc8-892f-30ee3ecfc34c.jpg?1592516831,"",Eric Deschamps,common,0.02,0.12,,0.02,0.13,,"englishCards",false,"","R","Sorcery",nm,Акт Измены,"undefined"
m20,Core Set 2020,en,145,"Infuriate",1,false,4791,https://cards.scryfall.io/normal/front/7/a/7ac778f6-8997-47ee-a676-3eb9f8d1592f.jpg?1592516974,"",Caio Monteiro,common,0.04,0.24,,0.05,0.20,,"englishCards",false,"","R","Instant",nm,Привести в Ярость,"undefined"
m20,Core Set 2020,en,191,"Season of Growth",1,false,1825,https://cards.scryfall.io/normal/front/6/5/65b9a718-01b9-46b2-85eb-55f6206ee5e4.jpg?1592517358,"Scry",Randy Vargas,uncommon,0.26,5.46,,0.74,1.28,,"englishCards",false,"","G","Enchantment",nm,Сезон Роста,"undefined"
m20,Core Set 2020,en,71,"Portal of Sanctuary",1,false,11487,https://cards.scryfall.io/normal/front/3/7/37c66692-2880-4ea2-abaf-8926c6950826.jpg?1592516470,"",Randy Vargas,uncommon,0.08,0.42,,0.08,0.31,,"englishCards",false,"","U","Artifact",nm,Портал Святилища,"undefined"
m20,Core Set 2020,en,217,"Risen Reef",1,false,1807,https://cards.scryfall.io/normal/front/8/2/82389aaa-9f32-4169-a71c-1aea5af9e935.jpg?1592517569,"",Johan Grenier,uncommon,0.50,9.29,,0.71,6.54,,"englishCards",false,"","G,U","Creature — Elemental",nm,Восставший Риф,"undefined"
m20,Core Set 2020,en,193,"Shared Summons",1,false,1897,https://cards.scryfall.io/normal/front/1/e/1e1e49b6-ed0f-42f5-af22-6f4aa23ce4ef.jpg?1592517377,"",Aaron Miller,rare,3.53,5.20,,1.37,2.99,,"englishCards",false,"","G","Instant",nm,Разделенный Призыв,"undefined"
m20,Core Set 2020,en,7,"Battalion Foot Soldier",1,false,25917,https://cards.scryfall.io/normal/front/1/d/1db6393a-88b0-4973-9832-1482f69917ff.jpg?1592515970,"",Cristi Balanescu,common,0.05,0.22,,0.07,0.08,,"englishCards",false,"","W","Creature — Human Soldier",nm,Пехотинец Батальона,"undefined"
m20,Core Set 2020,en,62,"Frost Lynx",2,false,14484,https://cards.scryfall.io/normal/front/6/4/64e1a5af-442f-4fcf-be99-6f62176be36c.jpg?1592516404,"",Izzy,common,0.03,0.13,,0.02,0.17,,"englishCards",false,"","U","Creature — Elemental Cat",nm,Морозная Рысь,"undefined"
m20,Core Set 2020,en,241,"Vial of Dragonfire",1,false,21004,https://cards.scryfall.io/normal/front/5/7/57db6ba8-f6c1-41be-8bee-93e573d052d7.jpg?1592517762,"",Franz Vohwinkel,common,0.03,0.07,,0.02,0.18,,"englishCards",false,"","","Artifact",nm,Флакон Драконьего Огня,"undefined"
plst,The List,en,DTK-18,"Glaring Aegis",1,false,13918,https://cards.scryfall.io/normal/front/2/1/213b9831-8259-4c06-9b4f-13dbeb9ba6f7.jpg?1573505567,"Enchant",Anthony Palumbo,common,0.15,,,0.08,,,"englishCards",false,"","W","Enchantment — Aura",nm,Сверкающий Щит,"undefined"
m20,Core Set 2020,en,129,"Chandra's Embercat",1,false,10948,https://cards.scryfall.io/normal/front/3/0/30f9c266-f32e-4483-9709-f83675331688.jpg?1592516863,"",Johan Grenier,common,0.04,0.66,,0.13,0.16,,"englishCards",false,"","R","Creature — Elemental Cat",nm,Пылающий Кот Чандры,"undefined"
m20,Core Set 2020,en,231,"Marauder's Axe",1,false,17431,https://cards.scryfall.io/normal/front/7/3/73ac5204-69ef-491d-9ca8-f522b99f1412.jpg?1592517681,"Equip",Mitchell Malloy,common,0.10,,,0.10,0.15,,"englishCards",false,"","","Artifact — Equipment",nm,Топор Мародера,"undefined"
m20,Core Set 2020,en,92,"Bone Splinters",1,false,4090,https://cards.scryfall.io/normal/front/7/e/7e75a7e9-902a-4733-8cd4-767247174a4c.jpg?1592516621,"",Cole Eastburn,common,0.02,0.10,,0.02,0.10,,"englishCards",false,"","B","Sorcery",nm,Костные Осколки,"undefined"
m20,Core Set 2020,ru,203,"Wolfkin Bond",1,false,16565,https://cards.scryfall.io/normal/front/2/c/2c419a2b-4389-49bc-91f1-a613ffcbfa0b.jpg?1592517462,"Enchant",Lindsey Look,common,0.02,0.10,,0.05,0.19,,"englishCards",false,"","G","Enchantment — Aura",nm,Связь Волчьего Рода,"undefined"
m20,Core Set 2020,ru,54,"Cloudkin Seer",1,false,5419,https://cards.scryfall.io/normal/front/e/2/e2111753-a930-403f-9d94-a86dfcb069da.jpg?1592516341,"Flying",Anastasia Ovchinnikova,common,0.16,1.29,,0.12,0.70,,"englishCards",false,"","U","Creature — Elemental Wizard",nm,Тучерожденная Провидица,"undefined"
m20,Core Set 2020,en,159,"Scorch Spitter",1,false,14163,https://cards.scryfall.io/normal/front/b/b/bb701a84-24bd-41ed-9f06-25c8338902a5.jpg?1592517099,"",Johan Grenier,common,0.03,0.35,,0.06,0.33,,"englishCards",false,"","R","Creature — Elemental Lizard",nm,Огнеплюйный Пламеящер,"undefined"
m20,Core Set 2020,en,132,"Chandra's Spitfire",1,false,10189,https://cards.scryfall.io/normal/front/8/a/8a857da7-5438-465b-821a-bd5bfd780c69.jpg?1592516884,"Flying",Chris Rallis,uncommon,0.10,0.92,,0.07,0.30,,"englishCards",false,"","R","Creature — Elemental",nm,Огнемет Чандры,"undefined"
m20,Core Set 2020,en,135,"Dragon Mage",1,false,2126,https://cards.scryfall.io/normal/front/5/1/5195abc4-cfa7-45dd-aa96-2e56f818a17b.jpg?1677991284,"Flying",Matthew D. Wilson,uncommon,0.30,3.72,,0.20,1.17,,"englishCards",false,"","R","Creature — Dragon Wizard",nm,Дракон-Маг,"undefined"
m20,Core Set 2020,en,215,"Ogre Siegebreaker",1,false,21435,https://cards.scryfall.io/normal/front/0/a/0aba1c64-c552-4aeb-b669-da885c8c75b2.jpg?1592517556,"",Zoltan Boros,uncommon,0.06,0.24,,0.07,0.09,,"englishCards",false,"","B,R","Creature — Ogre Berserker",nm,Осадный Огр,"undefined"
m20,Core Set 2020,en,229,"Icon of Ancestry",1,false,1463,https://cards.scryfall.io/normal/front/9/b/9b78e53c-1aec-4c49-bf58-165dd7b59d64.jpg?1592517662,"",Chris Seaman,rare,0.53,3.01,,0.63,2.72,,"englishCards",false,"","","Artifact",nm,Символ Прародителей,"undefined"
m20,Core Set 2020,en,243,"Blossoming Sands",1,false,968,https://cards.scryfall.io/normal/front/3/1/31514c67-4c55-4f28-9872-08e4d9bc6505.jpg?1592517781,"",Sam Burley,common,0.07,0.29,,0.04,0.19,,"englishCards",false,"","","Land",nm,Цветущие Пески,"undefined"
m20,Core Set 2020,en,235,"Prismite",1,false,9509,https://cards.scryfall.io/normal/front/5/c/5c9fdb01-ba52-4510-897e-0d69558fdaee.jpg?1592517711,"",Alayna Danner,common,0.03,0.20,,0.05,0.12,,"englishCards",false,"","","Artifact Creature — Golem",nm,Призмит,"undefined"
m20,Core Set 2020,en,41,"Yoked Ox",2,false,14866,https://cards.scryfall.io/normal/front/a/7/a73f186b-c897-4a98-bc25-8e4aa348d8c9.jpg?1592516244,"",Ryan Yee,common,0.06,0.10,,0.05,0.13,,"englishCards",false,"","W","Creature — Ox",nm,Бык под Ярмом,"undefined"
m20,Core Set 2020,en,69,"Negate",1,false,47,https://cards.scryfall.io/normal/front/3/3/33b83158-78b4-425e-8379-be3ef038295c.jpg?1592516456,"",Magali Villeneuve,common,0.10,0.57,,0.07,0.52,,"englishCards",false,"","U","Instant",nm,Отвергнуть,"undefined"
m20,Core Set 2020,en,32,"Pacifism",1,false,4647,https://cards.scryfall.io/normal/front/3/1/31279d7c-5246-40b2-a8c7-0be4a5f24a29.jpg?1592516161,"Enchant",Jesper Ejsing,common,0.04,0.19,,0.04,0.22,,"englishCards",false,"","W","Enchantment — Aura",nm,Пацифизм,"undefined"
m20,Core Set 2020,en,173,"Gift of Paradise",1,false,3536,https://cards.scryfall.io/normal/front/d/6/d6b4e2b7-2687-4ad1-99e4-0f8411b5f50d.jpg?1592517223,"Enchant",Ryan Pancoast,common,0.04,0.29,,0.04,0.15,,"englishCards",false,"","G","Enchantment — Aura",nm,Дарованный Рай,"undefined"
m20,Core Set 2020,en,155,"Reduce to Ashes",1,false,20437,https://cards.scryfall.io/normal/front/f/e/fe580883-cdb1-4783-9feb-1e3bea83d209.jpg?1592517056,"",Jason A. Engle,common,0.09,0.07,,0.04,0.07,,"englishCards",false,"","R","Sorcery",nm,Превращение в Прах,"undefined"
m20,Core Set 2020,en,97,"Duress",1,false,2882,https://cards.scryfall.io/normal/front/b/b/bb41ff5c-9617-4033-a4fa-99323640b9c3.jpg?1592516658,"",Steven Belledin,common,0.03,0.27,,0.06,0.23,,"englishCards",false,"","B","Sorcery",nm,Насилие,"undefined"
m20,Core Set 2020,en,78,"Unsummon",1,false,3221,https://cards.scryfall.io/normal/front/7/a/7a960516-3864-4a7a-8117-d25dec0dd665.jpg?1592516526,"",Izzy,common,0.06,0.63,,0.03,0.39,,"englishCards",false,"","U","Instant",nm,Отозвать,"undefined"
m20,Core Set 2020,en,101,"Feral Abomination",1,false,20805,https://cards.scryfall.io/normal/front/b/2/b2890cb5-7899-42f4-9686-a8b5ac796c23.jpg?1592516686,"Deathtouch",Darek Zabrocki,common,0.03,,,0.03,0.17,,"englishCards",false,"","B","Creature — Thrull",nm,Дикая Мерзость,"undefined"
m20,Core Set 2020,en,63,"Hard Cover",1,false,17176,https://cards.scryfall.io/normal/front/e/1/e16c9f3a-534b-42d4-9765-8d1cb15375aa.jpg?1592516412,"Enchant",PINDURSKI,uncommon,0.04,0.15,,0.06,0.17,,"englishCards",false,"","U","Enchantment — Aura",nm,Переплет,"undefined"
m20,Core Set 2020,en,72,"Renowned Weaponsmith",1,false,11850,https://cards.scryfall.io/normal/front/e/c/ec947bb8-8cb0-4e1e-8873-fe9bb9761e01.jpg?1592516477,"",Eric Deschamps,uncommon,0.05,0.22,,0.12,0.34,,"englishCards",false,"","U","Creature — Human Artificer",nm,Знаменитый Оружейник,"undefined"
m20,Core Set 2020,en,164,"Unchained Berserker",1,false,23062,https://cards.scryfall.io/normal/front/d/b/db5879c5-4b0a-42fa-a44f-580e0221a32b.jpg?1592517145,"Protection",Bram Sels,uncommon,0.09,0.78,,0.06,0.25,,"englishCards",false,"","R","Creature — Human Berserker",nm,Сбросивший Цепи Берсерк,"undefined"
m20,Core Set 2020,en,162,"Thunderkin Awakener",1,false,14325,https://cards.scryfall.io/normal/front/2/8/289b649b-c93a-44ad-bdd6-866f8b2f1bc2.jpg?1592517131,"Haste",Yongjae Choi,rare,0.46,1.23,,0.43,1.50,,"englishCards",false,"","R","Creature — Elemental Shaman",nm,Громорожденный Пробудитель,"undefined"
m20,Core Set 2020,en,248,"Jungle Hollow",1,false,723,https://cards.scryfall.io/normal/front/9/b/9b6b7a1d-943b-43f8-a70b-1a3a205476cf.jpg?1592517816,"",Eytan Zana,common,0.11,0.29,,0.06,0.23,,"englishCards",false,"","","Land",nm,Лощина в Джунглях,"undefined"
m20,Core Set 2020,en,82,"Zephyr Charge",1,true,18934,https://cards.scryfall.io/normal/front/d/a/da749962-25f2-4ddc-9e55-bf74d216284e.jpg?1592516551,"",Steve Prescott,common,0.11,0.15,,0.03,0.06,,"englishCards",false,"","U","Enchantment",nm,Порыв Западного Ветра,"undefined"
m20,Core Set 2020,en,161,"Tectonic Rift",2,false,15124,https://cards.scryfall.io/normal/front/a/b/abf90bd1-fa00-4af6-aa76-bd6fca7b0ac4.jpg?1592517123,"",John Avon,common,0.02,0.11,,0.05,0.15,,"englishCards",false,"","R","Sorcery",nm,Тектонический Разлом,"undefined"
m20,Core Set 2020,en,14,"Disenchant",1,false,776,https://cards.scryfall.io/normal/front/1/b/1b6a2b01-da95-46fa-8673-30ffdfdee0a5.jpg?1592516017,"",Victor Adame Minguez,common,0.06,0.32,,0.11,0.18,,"englishCards",false,"","W","Instant",nm,Разочарование,"undefined"
m20,Core Set 2020,en,61,"Frilled Sea Serpent",1,false,19425,https://cards.scryfall.io/normal/front/b/5/b59698a5-be76-4ce2-a337-9052821f239f.jpg?1592516394,"",Steven Belledin,common,0.01,0.24,,0.08,0.13,,"englishCards",false,"","U","Creature — Serpent",nm,Плащеносный Морской Змей,"undefined"
m20,Core Set 2020,en,166,"Brightwood Tracker",2,false,19861,https://cards.scryfall.io/normal/front/e/1/e1fb9767-29bf-4a69-b37c-0925d41f6b46.jpg?1592517168,"",Johannes Voss,common,0.02,0.19,,0.04,0.15,,"englishCards",false,"","G","Creature — Elf Scout",nm,Следопыт Светлого Леса,"undefined"
m20,Core Set 2020,en,133,"Daggersail Aeronaut",1,false,20097,https://cards.scryfall.io/normal/front/5/a/5a46b090-8b03-4498-840e-cf130510892c.jpg?1592516891,"",Zoltan Boros,common,0.03,0.04,,0.04,0.07,,"englishCards",false,"","R","Creature — Goblin",nm,Ножекрылый Воздухоплаватель,"undefined"
m20,Core Set 2020,en,75,"Sleep Paralysis",1,false,18356,https://cards.scryfall.io/normal/front/2/b/2babef35-27ab-45aa-88cd-f21dccae5125.jpg?1592516504,"Enchant",Josu Hernaiz,common,0.03,0.09,,0.08,0.10,,"englishCards",false,"","U","Enchantment — Aura",nm,Сонный Паралич,"undefined"
m20,Core Set 2020,en,109,"Murder",2,false,957,https://cards.scryfall.io/normal/front/6/a/6a2b22bc-e81b-4f27-a52b-9f3edad25439.jpg?1592516737,"",Allen Williams,common,0.05,0.28,,0.04,0.18,,"englishCards",false,"","B","Instant",nm,Убийство,"undefined"
m20,Core Set 2020,en,146,"Keldon Raider",1,false,21364,https://cards.scryfall.io/normal/front/8/8/884c47fa-7060-48da-995c-e4037640a208.jpg?1592516981,"",Chris Seaman,common,0.06,,,0.09,0.04,,"englishCards",false,"","R","Creature — Human Warrior",nm,Келдонская Налетчица,"undefined"
m20,Core Set 2020,en,103,"Gravedigger",2,false,6479,https://cards.scryfall.io/normal/front/0/f/0fb714a0-e61b-4ccf-8de6-3a6bf87c8315.jpg?1592516699,"",Tony Foti,uncommon,0.03,0.16,,0.14,0.12,,"englishCards",false,"","B","Creature — Zombie",nm,Могильщик,"undefined"
m20,Core Set 2020,en,180,"Loaming Shaman",1,false,8156,https://cards.scryfall.io/normal/front/e/2/e2638252-f329-4d83-a705-6e369462d83a.jpg?1592517273,"",Carl Critchlow,uncommon,0.02,0.34,,0.12,0.27,,"englishCards",false,"","G","Creature — Centaur Shaman",nm,Шаман-Могильщик,"undefined"
m20,Core Set 2020,en,208,"Empyrean Eagle",1,false,2857,https://cards.scryfall.io/normal/front/a/c/ac555709-c7cc-4c64-8a6f-8fe2bc149fcd.jpg?1592517502,"Flying",Jason A. Engle,uncommon,0.24,3.69,,0.20,2.40,,"englishCards",false,"","U,W","Creature — Bird Spirit",nm,Небесный Орел,"undefined"
m20,Core Set 2020,en,111,"Rotting Regisaur",1,false,5634,https://cards.scryfall.io/normal/front/d/8/d88c61cb-dbf9-46c3-8795-8896ba1208d5.jpg?1592516753,"",Randy Vargas,rare,2.01,4.84,,2.21,4.98,,"englishCards",false,"","B","Creature — Zombie Dinosaur",nm,Гниющий Регизавр,"undefined"
m20,Core Set 2020,en,34,"Raise the Alarm",1,false,3629,https://cards.scryfall.io/normal/front/7/6/764a7a53-314e-4b1f-aa33-0f312d06df71.jpg?1592516177,"",Zoltan Boros,common,0.02,0.25,,0.04,0.16,,"englishCards",false,"","W","Instant",nm,Поднять Тревогу,"undefined"
m20,Core Set 2020,en,55,"Convolute",1,false,9374,https://cards.scryfall.io/normal/front/b/8/b8a68347-c0ef-46ff-9705-6d82d004d32c.jpg?1592516348,"",Viktor Titov,common,0.03,0.08,,0.02,0.05,,"englishCards",false,"","U","Instant",nm,Свертывание,"undefined"
m20,Core Set 2020,en,92,"Bone Splinters",1,false,4090,https://cards.scryfall.io/normal/front/7/e/7e75a7e9-902a-4733-8cd4-767247174a4c.jpg?1592516621,"",Cole Eastburn,common,0.02,0.10,,0.02,0.10,,"englishCards",false,"","B","Sorcery",nm,Костные Осколки,"undefined"
m20,Core Set 2020,en,144,"Goblin Smuggler",1,false,14031,https://cards.scryfall.io/normal/front/9/5/95dc1a65-271c-455a-ae0c-f652444a53ac.jpg?1592516967,"Haste",Dan Scott,common,0.02,0.23,,0.02,0.17,,"englishCards",false,"","R","Creature — Goblin Rogue",nm,Гоблин-Контрабандист,"undefined"
m20,Core Set 2020,en,174,"Greenwood Sentinel",2,false,18816,https://cards.scryfall.io/normal/front/e/9/e9a1a70d-c146-453e-84c4-71cae4e0afaa.jpg?1592517232,"Vigilance",Johann Bodin,common,0.05,0.14,,0.02,0.09,,"englishCards",false,"","G","Creature — Elf Scout",nm,Стражница Зеленого Леса,"undefined"
m20,Core Set 2020,en,130,"Chandra's Outrage",2,false,12972,https://cards.scryfall.io/normal/front/e/d/edbfe793-6644-43ed-bbe1-e122c01c5e53.jpg?1592516870,"",Christopher Moeller,common,0.03,0.25,,0.09,0.07,,"englishCards",false,"","R","Instant",nm,Буйство Чандры,"undefined"
m20,Core Set 2020,en,240,"Stone Golem",1,false,21956,https://cards.scryfall.io/normal/front/1/b/1b4de70a-729b-4566-b6f3-c76f551405a5.jpg?1592517753,"",Martina Pilcerova,common,0.02,,,0.06,0.10,,"englishCards",false,"","","Artifact Creature — Golem",nm,Каменный Голем,"undefined"
m20,Core Set 2020,en,102,"Gorging Vulture",1,false,11314,https://cards.scryfall.io/normal/front/3/7/37cbe5f2-5b6b-41de-9586-c7cc83464cf2.jpg?1671305439,"Flying,Mill",Caio Monteiro,common,0.02,0.31,,0.11,0.14,,"englishCards",false,"","B","Creature — Bird",nm,Обожравшийся Гриф,"undefined"
m20,Core Set 2020,en,137,"Ember Hauler",1,false,14404,https://cards.scryfall.io/normal/front/1/5/159d476e-2f20-4f9b-adfd-9c541dc3e199.jpg?1592516919,"",Steve Prescott,uncommon,0.03,0.20,,0.03,0.35,,"englishCards",false,"","R","Creature — Goblin",nm,Носильщик Горящих Углей,"undefined"
m20,Core Set 2020,en,44,"Air Elemental",1,false,19674,https://cards.scryfall.io/normal/front/a/2/a27efec0-40c4-48bc-a21a-3af28a6529b5.jpg?1592516263,"Flying",Tomasz Jedruszek,uncommon,0.05,0.15,,0.02,0.30,,"englishCards",false,"","U","Creature — Elemental",nm,Элементаль Воздуха,"undefined"
m20,Core Set 2020,en,36,"Sephara, Sky's Blade",1,false,1114,https://cards.scryfall.io/normal/front/b/c/bc95881b-8fbf-4d82-b631-5e4404ccc28a.jpg?1592516205,"Flying,Lifelink",Livia Prima,rare,1.27,1.87,,0.79,1.42,,"englishCards",false,"legendary","W","Legendary Creature — Angel",nm,Сефара Клинок Небес,"undefined"
m20,Core Set 2020,en,12,"Daybreak Chaplain",1,false,18943,https://cards.scryfall.io/normal/front/0/c/0ce89a0b-d0e4-4c71-b131-0d3b0b76bc3b.jpg?1592516003,"Lifelink",Volkan Baǵa,common,0.04,0.13,,0.03,0.13,,"englishCards",false,"","W","Creature — Human Cleric",nm,Капеллан Рассвета,"undefined"
m20,Core Set 2020,en,37,"Soulmender",2,false,11225,https://cards.scryfall.io/normal/front/3/1/31b83ffd-bd08-48c6-98a3-811abc203f60.jpg?1592516212,"",James Ryman,common,0.03,0.20,,0.13,0.29,,"englishCards",false,"","W","Creature — Human Cleric",nm,Целитель Душ,"undefined"
m20,Core Set 2020,en,48,"Bone to Ash",1,false,11390,https://cards.scryfall.io/normal/front/d/f/df5dd873-af44-45eb-9b82-a3622cc58b35.jpg?1592516293,"",Clint Cearley,common,0.02,0.12,,0.06,0.12,,"englishCards",false,"","U","Instant",nm,Из Костей в Прах,"undefined"
m20,Core Set 2020,en,221,"Anvilwrought Raptor",1,false,19515,https://cards.scryfall.io/normal/front/a/a/aa6d7bbe-0418-4a58-a97b-13b50eb0b642.jpg?1592517598,"Flying,First strike",James Zapata,common,0.03,0.16,,0.02,0.09,,"englishCards",false,"","","Artifact Creature — Bird",nm,Кованая Птица,"undefined"
m20,Core Set 2020,en,171,"Ferocious Pup",1,false,11689,https://cards.scryfall.io/normal/front/2/3/2354cb24-5c70-4aaa-8636-46866f0950c1.jpg?1592517206,"",Rudy Siswanto,common,0.06,0.81,,0.06,0.21,,"englishCards",false,"","G","Creature — Wolf",nm,Злобный Щенок,"undefined"
m20,Core Set 2020,en,154,"Reckless Air Strike",1,false,16235,https://cards.scryfall.io/normal/front/6/8/68391b41-4a17-4450-a8ac-0ce8406fe8c1.jpg?1592517048,"",Jakub Kasper,common,0.03,0.23,,0.07,0.11,,"englishCards",false,"","R","Sorcery",nm,Безрассудный Воздушный Налет,"undefined"
m20,Core Set 2020,en,80,"Winged Words",1,false,2725,https://cards.scryfall.io/normal/front/f/f/ff765065-b160-49b6-99ac-cd695bd0d903.jpg?1592516539,"",Chris Seaman,common,0.13,1.63,,0.14,0.36,,"englishCards",false,"","U","Sorcery",nm,Крылатые Слова,"undefined"
m20,Core Set 2020,en,91,"Bloodthirsty Aerialist",1,false,3749,https://cards.scryfall.io/normal/front/2/9/29156f28-38d8-4f65-b416-089f3fd97109.jpg?1592516615,"Flying",Igor Kieryluk,uncommon,0.31,1.52,,0.35,1.45,,"englishCards",false,"","B","Creature — Vampire Rogue",nm,Кровожадная Акробатка,"undefined"
m20,Core Set 2020,en,223,"Colossus Hammer",1,false,1160,https://cards.scryfall.io/normal/front/f/a/fa35b2b5-3e91-4a6c-90b1-8581b4ecaf8b.jpg?1592517613,"Equip",Dmitry Burmak,uncommon,2.08,19.55,,2.05,12.62,,"englishCards",false,"","","Artifact — Equipment",nm,Молот Исполина,"undefined"
m20,Core Set 2020,en,187,"Overgrowth Elemental",1,false,12206,https://cards.scryfall.io/normal/front/7/c/7c9a13eb-2daf-43e0-b175-c6ec5b9e191e.jpg?1592517326,"",Mathias Kollros,uncommon,0.11,0.37,,0.12,0.22,,"englishCards",false,"","G","Creature — Elemental",nm,Разросшийся Элементаль,"undefined"
m20,Core Set 2020,en,233,"Mystic Forge",1,false,535,https://cards.scryfall.io/normal/front/9/2/924a24e7-91b8-4ceb-a136-7a765d98c994.jpg?1592517697,"",Titus Lunter,rare,1.81,3.41,,2.21,4.60,,"englishCards",false,"","","Artifact",nm,Мистическая Кузня,"undefined"
m20,Core Set 2020,en,258,"Thornwood Falls",1,false,859,https://cards.scryfall.io/normal/front/e/f/ef1b12d2-2f4f-4cfd-9728-edf8232c99e7.jpg?1592517896,"",Eytan Zana,common,0.07,0.22,,0.04,0.31,,"englishCards",false,"","","Land",nm,Водопад Шиполесья,"undefined"
m20,Core Set 2020,en,118,"Undead Servant",1,false,23604,https://cards.scryfall.io/normal/front/b/f/bfbc0f7c-546f-4525-bb58-c99ab9b017d5.jpg?1592516795,"",James Zapata,common,0.04,0.11,,0.05,0.16,,"englishCards",false,"","B","Creature — Zombie",nm,Неживой Слуга,"undefined"
m20,Core Set 2020,en,66,"Metropolis Sprite",1,false,20536,https://cards.scryfall.io/normal/front/f/c/fce74849-2e08-4d08-b387-4693f1b9f653.jpg?1592516433,"Flying",Scott Chou,common,0.02,0.23,,0.05,0.15,,"englishCards",false,"","U","Creature — Faerie Rogue",nm,Фея Мегаполиса,"undefined"
m20,Core Set 2020,en,20,"Griffin Protector",1,false,15337,https://cards.scryfall.io/normal/front/5/c/5c32c4f2-4fa5-4874-8413-eac822121a0b.jpg?1592516069,"Flying",Christopher Moeller,common,0.03,0.29,,0.02,0.07,,"englishCards",false,"","W","Creature — Griffin",nm,Грифон-Защитник,"undefined"
m20,Core Set 2020,en,93,"Boneclad Necromancer",2,false,19623,https://cards.scryfall.io/normal/front/a/b/ab9ed2b9-5fb9-4633-8c9a-0594ae7c49c7.jpg?1592516628,"",Robbie Trevino,common,0.03,0.20,,0.07,0.12,,"englishCards",false,"","B","Creature — Human Wizard",nm,Некромантка Костяных Доспехов,"undefined"
m20,Core Set 2020,en,157,"Ripscale Predator",1,false,15971,https://cards.scryfall.io/normal/front/c/9/c9141d96-ad3a-4e30-b356-44e136e1f62f.jpg?1592517078,"Menace",Volkan Baǵa,common,0.03,0.14,,0.03,0.18,,"englishCards",false,"","R","Creature — Dinosaur",nm,Чешуйчатый Раздиратель,"undefined"
m20,Core Set 2020,en,183,"Natural End",1,false,10939,https://cards.scryfall.io/normal/front/8/4/84dcd314-f4d2-461e-a66e-7b1d8f141879.jpg?1592517295,"",Scott Chou,common,0.03,0.18,,0.05,0.15,,"englishCards",false,"","G","Instant",nm,Естественный Финал,"undefined"
m20,Core Set 2020,en,192,"Sedge Scorpion",1,false,6364,https://cards.scryfall.io/normal/front/9/8/9864f811-db2e-4d6d-ad59-a491a790bdd4.jpg?1592517367,"Deathtouch",John Stanko,common,0.10,0.27,,0.06,0.30,,"englishCards",false,"","G","Creature — Scorpion",nm,Осоковый Скорпион,"undefined"
m20,Core Set 2020,en,147,"Lavakin Brawler",2,false,17405,https://cards.scryfall.io/normal/front/3/e/3eeea9e5-3041-4439-bc52-fd00ec83c7a1.jpg?1592516987,"",Victor Adame Minguez,common,0.03,0.16,,0.06,0.16,,"englishCards",false,"","R","Creature — Elemental Warrior",nm,Лаворожденная Воительница,"undefined"
m20,Core Set 2020,en,158,"Scampering Scorcher",1,false,12175,https://cards.scryfall.io/normal/front/d/c/dccbe031-1547-4fa5-ba9a-caa1b1f5eb5d.jpg?1592517091,"",Zoltan Boros,uncommon,0.10,0.41,,0.08,0.45,,"englishCards",false,"","R","Creature — Elemental",nm,Быстроногий Изжигатель,"undefined"
m20,Core Set 2020,en,182,"Might of the Masses",1,false,8774,https://cards.scryfall.io/normal/front/f/7/f7776d0a-e068-4cac-8848-060a2ce15b95.jpg?1592517288,"",Johann Bodin,uncommon,0.04,0.13,,0.08,0.15,,"englishCards",false,"","G","Instant",nm,Сила Масс,"undefined"
m20,Core Set 2020,en,213,"Lightning Stormkin",2,false,14706,https://cards.scryfall.io/normal/front/4/3/43c6db4e-cc37-4473-b0f5-48d8a0b82f33.jpg?1592517542,"Flying,Haste",Rudy Siswanto,uncommon,0.06,0.19,,0.20,0.33,,"englishCards",false,"","R,U","Creature — Elemental Wizard",nm,Бурерожденный Молниевик,"undefined"
m20,Core Set 2020,en,185,"Nightpack Ambusher",1,false,4815,https://cards.scryfall.io/normal/front/2/c/2c9b1f70-9861-4c66-a52f-c40002679e75.jpg?1592517312,"Flash",Dan Scott,rare,0.37,2.94,,0.32,1.90,,"englishCards",false,"","G","Creature — Wolf",nm,Охотник Ночной Стаи,"undefined"
m20,Core Set 2020,en,60,"Fortress Crab",1,false,13995,https://cards.scryfall.io/normal/front/3/2/324681da-a28e-47ec-9810-5678de53e494.jpg?1592516387,"",Vincent Proce,common,0.01,0.10,,0.14,0.09,,"englishCards",false,"","U","Creature — Crab",nm,Краб-Крепость,"undefined"
m20,Core Set 2020,en,228,"Heart-Piercer Bow",1,false,14693,https://cards.scryfall.io/normal/front/e/2/e262f723-0e0b-44a4-bfc6-f48f17a805d9.jpg?1592517654,"Equip",Franz Vohwinkel,common,0.02,0.25,,0.07,0.11,,"englishCards",false,"","","Artifact — Equipment",nm,Лук Пронзателя Сердец,"undefined"
m20,Core Set 2020,en,38,"Squad Captain",1,false,14521,https://cards.scryfall.io/normal/front/b/d/bd7d6112-ffb2-41d8-98ed-1a7b22841dfd.jpg?1592516219,"Vigilance",Cristi Balanescu,common,0.02,0.25,,0.08,0.13,,"englishCards",false,"","W","Creature — Human Soldier",nm,Звеньевой Капитан,"undefined"
m20,Core Set 2020,ru,116,"Soul Salvage",1,false,12111,https://cards.scryfall.io/normal/front/5/d/5d9250f8-9085-4664-ada7-a2ef44deeac8.jpg?1592516783,"",Daarken,common,0.03,0.10,,0.05,0.05,,"englishCards",false,"","B","Sorcery",nm,Собирание Душ,"undefined"
m20,Core Set 2020,en,114,"Sorcerer of the Fang",1,false,25403,https://cards.scryfall.io/normal/front/2/f/2fe9e325-fbe4-4f43-8d68-8525c4d5ce8b.jpg?1592516772,"",Caio Monteiro,common,0.03,,,0.02,0.07,,"englishCards",false,"","B","Creature — Human Wizard",nm,Колдун Клыков,"undefined"
m20,Core Set 2020,en,28,"Loyal Pegasus",1,false,16969,https://cards.scryfall.io/normal/front/7/c/7cae7971-953b-454a-84dd-ae2974946da9.jpg?1592516133,"Flying",John Severin Brassell,uncommon,0.05,0.25,,0.08,0.22,,"englishCards",false,"","W","Creature — Pegasus",nm,Верный Пегас,"undefined"
m20,Core Set 2020,en,165,"Barkhide Troll",1,false,16979,https://cards.scryfall.io/normal/front/0/c/0cfd2e76-ad64-42ff-a6a2-c4cf1bec5932.jpg?1592517160,"",Grzegorz Rutkowski,uncommon,0.07,0.19,,0.15,0.32,,"englishCards",false,"","G","Creature — Troll",nm,Древошкурый Тролль,"undefined"
m20,Core Set 2020,en,52,"Cavalier of Gales",1,false,5844,https://cards.scryfall.io/normal/front/a/5/a5356b11-e505-4838-aecb-327689eeead1.jpg?1592516326,"Scry,Flying",Viktor Titov,mythic,2.20,5.51,,1.86,4.62,,"englishCards",false,"","U","Creature — Elemental Knight",nm,Всадник Бурь,"undefined"
m20,Core Set 2020,en,58,"Faerie Miscreant",1,false,13439,https://cards.scryfall.io/normal/front/2/8/28aa0337-94bd-4274-b2ee-6f43747c77b3.jpg?1592516372,"Flying",Steven Belledin,common,0.12,0.30,,0.10,0.36,,"englishCards",false,"","U","Creature — Faerie Rogue",nm,Фея-Злоумышленница,"undefined"
m20,Core Set 2020,en,30,"Moment of Heroism",1,false,14301,https://cards.scryfall.io/normal/front/7/b/7bbc462b-3736-4441-96ee-8dc5615b4529.jpg?1592516147,"",Christopher Moeller,common,0.09,0.10,,0.03,0.09,,"englishCards",false,"","W","Instant",nm,Героический Момент,"undefined"
m20,Core Set 2020,en,100,"Fathom Fleet Cutthroat",1,false,18545,https://cards.scryfall.io/normal/front/6/5/65a7004c-1952-41df-b645-b34bcbc3e401.jpg?1592516680,"",Josu Hernaiz,common,0.05,0.10,,0.06,0.14,,"englishCards",false,"","B","Creature — Human Pirate",nm,Злодейка Флотилии Бездны,"undefined"
m20,Core Set 2020,en,112,"Sanitarium Skeleton",2,false,7386,https://cards.scryfall.io/normal/front/e/f/ef6efdaf-bf1a-4776-8e4b-2970aa2ccd5a.jpg?1592516760,"",Kev Walker,common,0.02,0.23,,0.05,0.22,,"englishCards",false,"","B","Creature — Skeleton",nm,Скелет из Лечебницы,"undefined"
m20,Core Set 2020,en,195,"Silverback Shaman",1,false,8522,https://cards.scryfall.io/normal/front/4/e/4e97e62e-4a77-4512-b5fa-400e01517e23.jpg?1592517392,"Trample",Mathias Kollros,common,0.02,0.29,,0.05,0.23,,"englishCards",false,"","G","Creature — Ape Shaman",nm,Матерый Шаман,"undefined"
m20,Core Set 2020,en,168,"Centaur Courser",1,false,14294,https://cards.scryfall.io/normal/front/e/8/e8b67ee8-3189-4426-8b1a-b540267768fd.jpg?1592517184,"",Vance Kovacs,common,0.04,0.08,,0.06,0.10,,"englishCards",false,"","G","Creature — Centaur Warrior",nm,Быстроногий Кентавр,"undefined"
m20,Core Set 2020,en,134,"Destructive Digger",1,false,18564,https://cards.scryfall.io/normal/front/d/9/d981b310-5e75-4f30-baf6-37f069f00aa3.jpg?1592516898,"",Zoltan Boros,common,0.02,0.14,,0.03,0.18,,"englishCards",false,"","R","Creature — Goblin",nm,Разрушительный Рудокоп,"undefined"
m20,Core Set 2020,en,139,"Flame Sweep",1,false,11445,https://cards.scryfall.io/normal/front/4/7/4702a838-8577-49b6-8b7a-f9b6d2929481.jpg?1592516934,"",Viktor Titov,uncommon,0.09,0.24,,0.11,0.41,,"englishCards",false,"","R","Instant",nm,Сметающее Пламя,"undefined"
m20,Core Set 2020,en,110,"Noxious Grasp",1,false,20834,https://cards.scryfall.io/normal/front/8/e/8e5758cc-1f84-455d-a983-8ec471727eaf.jpg?1592516744,"",Tomasz Jedruszek,uncommon,0.14,3.41,,0.10,0.09,,"englishCards",false,"","B","Instant",nm,Заразная Хватка,"undefined"
m20,Core Set 2020,en,53,"Cerulean Drake",1,false,13032,https://cards.scryfall.io/normal/front/b/1/b11f9e7d-3f56-4e28-9908-157735f6dfa9.jpg?1592516332,"Flying,Protection",Daniel Ljunggren,uncommon,0.07,1.80,,0.18,0.51,,"englishCards",false,"","U","Creature — Drake",nm,Лазоревый Дрейк,"undefined"
m20,Core Set 2020,en,96,"Dread Presence",1,false,1723,https://cards.scryfall.io/normal/front/0/4/0430db1a-5cad-4444-ba93-57fb32e65606.jpg?1592516651,"",Anthony Palumbo,rare,1.83,3.57,,1.07,2.80,,"englishCards",false,"","B","Creature — Nightmare",nm,Жуткая Сущность,"undefined"
m20,Core Set 2020,en,260,"Wind-Scarred Crag",1,false,940,https://cards.scryfall.io/normal/front/9/1/91c0b1ba-fd3d-4f1c-9e8e-22280eeeff7d.jpg?1592517910,"",Eytan Zana,common,0.08,0.25,,0.04,0.19,,"englishCards",false,"","","Land",nm,Обветренный Утес,"undefined"
m20,Core Set 2020,en,223,"Colossus Hammer",1,true,1160,https://cards.scryfall.io/normal/front/f/a/fa35b2b5-3e91-4a6c-90b1-8581b4ecaf8b.jpg?1592517613,"Equip",Dmitry Burmak,uncommon,2.08,19.55,,2.05,12.62,,"englishCards",false,"","","Artifact — Equipment",nm,Молот Исполина,"undefined"
eld,Throne of Eldraine,en,127,"Irencrag Feat",1,false,6443,https://cards.scryfall.io/normal/front/b/5/b5bcf822-e129-45f6-9403-310ce9410f3b.jpg?1572490374,"",Yongjae Choi,rare,0.29,0.50,,0.26,0.77,,"englishCards",false,"","R","Sorcery",nm,Айренкрагский Подвиг,"undefined"
eld,Throne of Eldraine,en,96,"Memory Theft",1,false,21577,https://cards.scryfall.io/normal/front/3/9/397fd49b-a520-4b0e-9ab9-71675ab5969d.jpg?1572490184,"",Micah Epstein,common,0.02,0.02,,0.03,0.08,,"englishCards",false,"","B","Sorcery",nm,Кража Воспоминаний,"undefined"
eld,Throne of Eldraine,en,34,"True Love's Kiss",1,false,12453,https://cards.scryfall.io/normal/front/2/3/23a4bac2-f6cb-4712-8510-a63657c43a5c.jpg?1589566341,"",Donato Giancola,common,0.04,0.18,,0.02,0.16,,"englishCards",false,"","W","Instant",nm,Поцелуй Истинной Любви,"undefined"
eld,Throne of Eldraine,en,59,"Opt",2,false,220,https://cards.scryfall.io/normal/front/c/3/c3669391-8f64-4904-b432-0f0582f30449.jpg?1572489962,"Scry",Dan Scott,common,0.06,0.26,,0.08,0.40,,"englishCards",false,"","U","Instant",nm,Выбор,"undefined"
eld,Throne of Eldraine,en,173,"Return to Nature",2,false,327,https://cards.scryfall.io/normal/front/c/3/c3d5088e-21d0-4255-a14c-ad950133a90e.jpg?1572490654,"",Mark Poole,common,0.14,0.30,,0.07,0.26,,"englishCards",false,"","G","Instant",nm,Возвращение к Природе,"undefined"
eld,Throne of Eldraine,en,86,"Eye Collector",2,false,9289,https://cards.scryfall.io/normal/front/2/b/2b9bb2f3-a7c7-4e8f-ba39-44e6acd9240b.jpg?1572490127,"Flying,Mill",Uriah Voth,common,0.05,0.24,,0.04,0.19,,"englishCards",false,"","B","Creature — Faerie",nm,Коллекционер Глаз,"undefined"
eld,Throne of Eldraine,en,116,"Brimstone Trebuchet",2,false,9786,https://cards.scryfall.io/normal/front/7/7/77c49e0e-4375-4e45-a57b-8df667e45ce6.jpg?1572490305,"Reach,Defender",Yeong-Hao Han,common,0.07,0.20,,0.07,0.20,,"englishCards",false,"","R","Artifact Creature — Wall",nm,Серный Требушет,"undefined"
eld,Throne of Eldraine,en,237,"Witch's Oven",2,false,2305,https://cards.scryfall.io/normal/front/0/4/04ef8493-d986-45f8-a718-617b028f7ad4.jpg?1572491150,"Food",Alexander Forssberg,uncommon,1.27,2.56,,1.16,3.05,,"englishCards",false,"","","Artifact",nm,Ведьмина Печь,"undefined"
eld,Throne of Eldraine,en,180,"Tuinvale Treefolk // Oaken Boon",2,false,10951,https://cards.scryfall.io/normal/front/8/b/8bc518fc-904e-4e39-aeda-ffb222bfcc82.jpg?1572490693,"",Jason A. Engle,common,0.05,0.16,,0.04,0.15,,"englishCards",false,"","G","Creature — Treefolk Druid // Sorcery — Adventure",nm,Лесовик из Туинвейла // Дубовый Дар,"undefined"
eld,Throne of Eldraine,en,139,"Scorching Dragonfire",1,false,12109,https://cards.scryfall.io/normal/front/3/b/3b74a806-ed74-458e-8903-d3d084e9f507.jpg?1636491470,"",Eric Velhagen,common,0.06,0.14,,0.03,0.07,,"englishCards",false,"","R","Instant",nm,Жгучее Драконье Пламя,"undefined"
eld,Throne of Eldraine,en,157,"Garenbrig Paladin",1,false,20122,https://cards.scryfall.io/normal/front/8/4/8445020a-6fab-47dd-9e57-886c28f68b3f.jpg?1572490554,"Adamant",Nicholas Gregory,common,0.03,0.07,,0.03,0.12,,"englishCards",false,"","G","Creature — Giant Knight",nm,Паладин Гаренбрига,"undefined"
eld,Throne of Eldraine,en,61,"Queen of Ice // Rage of Winter",1,false,8754,https://cards.scryfall.io/normal/front/d/e/de2f964a-e4e1-4321-92ad-34b781868e11.jpg?1572489973,"",Eric Deschamps,common,0.04,0.23,,0.09,0.14,,"englishCards",false,"","U","Creature — Human Noble Wizard // Sorcery — Adventure",nm,Королева Льда // Ярость Зимы,"undefined"
eld,Throne of Eldraine,en,126,"Fling",1,false,1698,https://cards.scryfall.io/normal/front/c/b/cb28fe03-8269-41de-b766-42c3421aeaef.jpg?1572490367,"",Lie Setiawan,common,0.09,0.26,,0.07,0.29,,"englishCards",false,"","R","Instant",nm,Швырок,"undefined"
eld,Throne of Eldraine,en,49,"Hypnotic Sprite // Mesmeric Glare",1,false,4948,https://cards.scryfall.io/normal/front/7/a/7acbd812-b994-4e68-8f95-04222796e994.jpg?1572489901,"Flying",Irina Nordsol,uncommon,0.13,0.25,,0.21,0.21,,"englishCards",false,"","U","Creature — Faerie // Instant — Adventure",nm,Пикси-Гипнотизер // Дурманящий Взор,"undefined"
eld,Throne of Eldraine,en,164,"Kenrith's Transformation",1,false,325,https://cards.scryfall.io/normal/front/6/d/6da7cd39-1f8a-4f68-adb7-df2beac02263.jpg?1572490600,"Enchant",Kimonas Theodossiou,uncommon,1.05,1.59,,0.80,2.00,,"englishCards",false,"","G","Enchantment — Aura",nm,Преображение Кенрита,"undefined"
eld,Throne of Eldraine,en,132,"Ogre Errant",1,false,21625,https://cards.scryfall.io/normal/front/0/e/0e96f3dc-dc58-4034-8d3d-3ae74fa64562.jpg?1572490402,"",Mitchell Malloy,common,0.03,0.03,,0.03,0.06,,"englishCards",false,"","R","Creature — Ogre Knight",nm,Странствующий Огр,"undefined"
eld,Throne of Eldraine,en,174,"Rosethorn Acolyte // Seasonal Ritual",2,false,7634,https://cards.scryfall.io/normal/front/2/a/2a0d430f-da84-4752-940c-8457c525aac9.jpg?1572490659,"",Johannes Voss,common,0.04,0.19,,0.06,0.15,,"englishCards",false,"","G","Creature — Elf Druid // Sorcery — Adventure",nm,Послушница Розового Шипа // Сезонный Ритуал,"undefined"
eld,Throne of Eldraine,en,70,"Unexplained Vision",1,false,13518,https://cards.scryfall.io/normal/front/c/1/c1de1d84-e548-409d-b9ec-d2665477b43d.jpg?1572490027,"Adamant,Scry",Bram Sels,common,0.03,0.12,,0.07,0.42,,"englishCards",false,"","U","Sorcery",nm,Необъясненное Видение,"undefined"
eld,Throne of Eldraine,en,57,"Moonlit Scavengers",1,false,21683,https://cards.scryfall.io/normal/front/6/a/6a658bbd-8d64-460b-87ae-ec8054204794.jpg?1572489950,"",Miranda Meeks,common,0.02,0.16,,0.07,0.12,,"englishCards",false,"","U","Creature — Merfolk Rogue",nm,Лунные Добытчики,"undefined"
eld,Throne of Eldraine,en,112,"Barge In",2,false,9945,https://cards.scryfall.io/normal/front/9/b/9bfe337c-4b8c-42ce-8c43-4c95051d09ac.jpg?1572490282,"",Mark Behm,common,0.05,0.26,,0.15,0.09,,"englishCards",false,"","R","Instant",nm,Вломиться,"undefined"
eld,Throne of Eldraine,en,69,"Turn into a Pumpkin",2,false,16573,https://cards.scryfall.io/normal/front/f/2/f2a37dcb-4a18-4f03-b28c-27188a1a5ec1.jpg?1572490021,"Adamant,Food",Vincent Proce,uncommon,0.05,0.18,,0.10,0.12,,"englishCards",false,"","U","Instant",nm,Превращение в Тыкву,"undefined"
eld,Throne of Eldraine,en,62,"Run Away Together",2,false,2777,https://cards.scryfall.io/normal/front/a/e/aeffc3c0-567c-442f-ba06-b7d9617c5789.jpg?1572489979,"",Filip Burburan,common,0.02,0.20,,0.04,0.31,,"englishCards",false,"","U","Instant",nm,Убежать Вместе,"undefined"
eld,Throne of Eldraine,en,113,"Bloodhaze Wolverine",1,false,23797,https://cards.scryfall.io/normal/front/3/d/3d6c0bc1-cb07-4009-83b1-1122381cf9c4.jpg?1572490287,"",Evan Shipard,common,0.02,0.04,,0.02,0.13,,"englishCards",false,"","R","Creature — Wolverine",nm,Росомаха Кровавой Пелены,"undefined"
eld,Throne of Eldraine,en,243,"Dwarven Mine",2,false,2160,https://cards.scryfall.io/normal/front/5/c/5c83074d-0c9b-4b58-94ca-d75240485579.jpg?1572491198,"",Alexander Forssberg,common,0.26,0.91,,0.14,1.87,,"englishCards",false,"","","Land — Mountain",nm,Гномьи Копи,"undefined"
eld,Throne of Eldraine,en,148,"Weaselback Redcap",1,false,16453,https://cards.scryfall.io/normal/front/3/3/33a78207-fd76-4112-a257-54a25da6f818.jpg?1579623767,"",Grzegorz Rutkowski,common,0.03,0.09,,0.02,0.10,,"englishCards",false,"","R","Creature — Goblin Knight",nm,Наездник на Хорьке,"undefined"
eld,Throne of Eldraine,en,213,"Rampart Smasher",1,false,23065,https://cards.scryfall.io/normal/front/2/f/2fb9a632-a56b-48fb-bc24-14572b6a8a55.jpg?1572490915,"",Emrah Elmasli,uncommon,0.05,0.20,,0.06,0.14,,"englishCards",false,"","G,R","Creature — Giant",nm,Сокрушитель Бастионов,"undefined"
eld,Throne of Eldraine,en,153,"Fell the Pheasant",1,false,14270,https://cards.scryfall.io/normal/front/3/3/33d3cc84-7cb6-4de2-9018-4695a3b1e099.jpg?1572490530,"Food",Randy Gallegos,common,0.03,0.05,,0.10,0.19,,"englishCards",false,"","G","Instant",nm,Охота на Фазана,"undefined"
eld,Throne of Eldraine,en,40,"Charmed Sleep",1,false,12729,https://cards.scryfall.io/normal/front/f/1/f1f97d9e-650b-4b69-8733-d80c8e0f723f.jpg?1572489844,"Enchant",Titus Lunter,common,0.02,0.05,,0.11,0.12,,"englishCards",false,"","U","Enchantment — Aura",nm,Колдовской Сон,"undefined"
eld,Throne of Eldraine,en,141,"Seven Dwarves",1,false,7284,https://cards.scryfall.io/normal/front/4/6/464adbae-70ea-48e1-b8ae-b404766f7a5a.jpg?1572490459,"",Jason Rainville,common,0.28,0.61,,0.24,1.09,,"englishCards",false,"","R","Creature — Dwarf",nm,Семь Гномов,"undefined"
eld,Throne of Eldraine,en,183,"Wildwood Tracker",1,false,19989,https://cards.scryfall.io/normal/front/3/5/3538eba1-475a-4388-8a72-55ab7cd1027e.jpg?1572490709,"",Titus Lunter,common,0.04,0.15,,0.02,0.16,,"englishCards",false,"","G","Creature — Elf Warrior",nm,Следопыт Чащелесья,"undefined"
eld,Throne of Eldraine,en,168,"Once and Future",1,false,8400,https://cards.scryfall.io/normal/front/1/c/1c5dd4e8-4d5f-45a0-9cae-4f842751894d.jpg?1572490622,"Adamant",Nils Hamm,uncommon,0.12,0.28,,0.07,0.17,,"englishCards",false,"","G","Instant",nm,Былое и Грядущее,"undefined"
eld,Throne of Eldraine,en,166,"Maraleaf Rider",1,false,19793,https://cards.scryfall.io/normal/front/1/b/1b2b198d-493c-4d6c-bfb6-e842728522f6.jpg?1572490611,"",Kieran Yanner,common,0.02,0.10,,0.05,0.09,,"englishCards",false,"","G","Creature — Elf Knight",nm,Маралифская Всадница,"undefined"
eld,Throne of Eldraine,en,73,"Wishful Merfolk",1,false,22393,https://cards.scryfall.io/normal/front/f/9/f9358d5d-726e-43e0-a58e-4cfe7c755913.jpg?1572490046,"Defender",Livia Prima,common,0.05,0.14,,0.07,0.12,,"englishCards",false,"","U","Creature — Merfolk",nm,Мерфолк-Мечтательница,"undefined"
eld,Throne of Eldraine,en,136,"Redcap Raiders",1,false,18655,https://cards.scryfall.io/normal/front/6/8/686cf5c4-6ba3-4fa0-9732-0a350c637c7a.jpg?1572490424,"",Lie Setiawan,common,0.02,0.07,,0.02,0.17,,"englishCards",false,"","R","Creature — Goblin Warrior",nm,Красные Колпаки-Налетчики,"undefined"
eld,Throne of Eldraine,en,146,"Thrill of Possibility",1,false,171,https://cards.scryfall.io/normal/front/c/9/c9021f85-7ab4-4a78-a398-1611fe09cd14.jpg?1615522697,"",Steve Argyle,common,0.07,0.82,,0.06,0.35,,"englishCards",false,"","R","Instant",nm,Азарт Возможностей,"undefined"
eld,Throne of Eldraine,en,68,"Tome Raider",1,false,10698,https://cards.scryfall.io/normal/front/e/0/e04ad850-5801-4654-a388-f86be20a43bf.jpg?1572490015,"Flying",Randy Vargas,common,0.03,0.18,,0.09,0.17,,"englishCards",false,"","U","Creature — Faerie",nm,Расхитительница Страниц,"undefined"
eld,Throne of Eldraine,en,58,"Mystical Dispute",1,false,8194,https://cards.scryfall.io/normal/front/f/b/fbe04cb8-a8b9-4241-baae-b398a2509a3a.jpg?1572489956,"",Ekaterina Burmak,uncommon,0.17,2.31,,0.49,3.62,,"englishCards",false,"","U","Instant",nm,Колдовской Спор,"undefined"
eld,Throne of Eldraine,en,117,"Burning-Yard Trainer",1,false,20764,https://cards.scryfall.io/normal/front/1/7/17755d1b-3a56-4362-a534-85b35ceb1802.jpg?1572490311,"Haste,Trample",Yongjae Choi,uncommon,0.02,0.06,,0.10,0.16,,"englishCards",false,"","R","Creature — Human Knight",nm,Тренер Пламенного Плаца,"undefined"
eld,Throne of Eldraine,en,151,"Edgewall Innkeeper",1,false,8714,https://cards.scryfall.io/normal/front/7/c/7c5d0560-f9e6-4c70-8cce-cae61e4e74bc.jpg?1692806237,"",Matt Stewart,uncommon,0.14,3.01,,0.12,0.32,,"englishCards",false,"","G","Creature — Human Peasant",nm,Трактирщик Пограничного Оплота,"undefined"
eld,Throne of Eldraine,en,215,"Thunderous Snapper",1,false,8882,https://cards.scryfall.io/normal/front/9/5/9576d4f1-47bb-45e0-803c-93fa2cdacbe5.jpg?1572490940,"",Johann Bodin,uncommon,0.14,0.25,,0.10,0.18,,"englishCards",false,"","G,U","Creature — Turtle Hydra",nm,Громогласная Черепаха,"undefined"
eld,Throne of Eldraine,en,131,"Merchant of the Vale // Haggle",1,false,7372,https://cards.scryfall.io/normal/front/0/b/0b4399b6-e67f-40d8-8676-f5db7e04a6c9.jpg?1572490397,"",David Gaillet,common,0.04,0.20,,0.12,0.29,,"englishCards",false,"","R","Creature — Human Peasant // Instant — Adventure",nm,Торговец из Долины // Торг,"undefined"
eld,Throne of Eldraine,en,56,"Mistford River Turtle",2,false,15876,https://cards.scryfall.io/normal/front/0/c/0c78c386-c64b-4fab-a718-f18b46360e20.jpg?1572489944,"",Milivoj Ćeran,common,0.02,0.12,,0.04,0.11,,"englishCards",false,"","U","Creature — Turtle",nm,Черепаха Туманного Брода,"undefined"
eld,Throne of Eldraine,en,156,"Garenbrig Carver // Shield's Might",2,false,13832,https://cards.scryfall.io/normal/front/1/9/194b7a1c-291a-470e-9a40-61b72a46793b.jpg?1572490548,"",Lucas Graciano,common,0.02,0.07,,0.04,0.12,,"englishCards",false,"","G","Creature — Human Warrior // Instant — Adventure",nm,Гаренбригский Резчик // Мощь Щита,"undefined"
eld,Throne of Eldraine,en,247,"Mystic Sanctuary",2,false,125,https://cards.scryfall.io/normal/front/1/7/170e792c-80d5-4775-ad95-37614574ab84.jpg?1613386906,"",Randy Vargas,common,1.44,3.85,,0.83,3.42,,"englishCards",false,"","","Land — Island",nm,Мистическое Святилище,"undefined"
eld,Throne of Eldraine,en,53,"Merfolk Secretkeeper // Venture Deeper",1,false,8880,https://cards.scryfall.io/normal/front/c/e/ceb7308d-608c-4ede-9496-d795fc5bb271.jpg?1572489928,"Mill",Jana Schirmer,common,0.08,0.22,,0.12,0.24,,"englishCards",false,"","U","Creature — Merfolk Wizard // Sorcery — Adventure",nm,Мерфолк Хранительница Тайн // Погружение,"undefined"
eld,Throne of Eldraine,en,196,"Maraleaf Pixie",1,false,3263,https://cards.scryfall.io/normal/front/e/6/e6d7f9c9-dd83-4684-a949-1c22f316138a.jpg?1572490787,"Flying",Matt Cavotta,uncommon,0.14,0.47,,0.18,0.45,,"englishCards",false,"","G,U","Creature — Faerie",nm,Маралифская Пикси,"undefined"
eld,Throne of Eldraine,en,167,"Oakhame Adversary",2,false,2661,https://cards.scryfall.io/normal/front/9/f/9fb4e77f-e189-4ad3-9fca-8da04289e396.jpg?1572490617,"Deathtouch",Nicholas Gregory,uncommon,0.18,0.66,,0.12,0.68,,"englishCards",false,"","G","Creature — Elf Warrior",nm,Противник из Дуболесья,"undefined"
eld,Throne of Eldraine,en,150,"Curious Pair // Treats to Share",2,false,10423,https://cards.scryfall.io/normal/front/7/f/7f78a570-d776-42f2-a609-6da0156c8de7.jpg?1572490513,"Food",Daarken,common,0.03,0.11,,0.11,0.13,,"englishCards",false,"","G","Creature — Human Peasant // Sorcery — Adventure",nm,Любопытная Парочка // Общее Угощение,"undefined"
eld,Throne of Eldraine,en,154,"Fierce Witchstalker",2,false,12838,https://cards.scryfall.io/normal/front/d/6/d63a6be2-ae9a-4758-9d5c-0297ef9af57c.jpg?1615522751,"Food,Trample",Nicholas Gregory,common,0.03,0.14,,0.08,0.12,,"englishCards",false,"","G","Creature — Wolf",nm,Яростный Ведьмин Охотник,"undefined"
eld,Throne of Eldraine,en,193,"Improbable Alliance",1,false,7502,https://cards.scryfall.io/normal/front/0/4/0461867b-ec35-4d37-a398-5247e06c4afe.jpg?1572490770,"",Zoltan Boros,uncommon,0.04,0.16,,0.06,0.29,,"englishCards",false,"","R,U","Enchantment",nm,Необычный Союз,"undefined"
eld,Throne of Eldraine,en,178,"Tall as a Beanstalk",1,false,17627,https://cards.scryfall.io/normal/front/0/9/098bfd71-a47f-4dfc-b516-b88a388fb7b5.jpg?1572490680,"Enchant",Emrah Elmasli,common,0.03,0.10,,0.05,0.10,,"englishCards",false,"","G","Enchantment — Aura",nm,Выше Бобового Ростка,"undefined"
eld,Throne of Eldraine,en,72,"Vantress Paladin",1,false,22627,https://cards.scryfall.io/normal/front/5/2/52dd633f-9a07-47df-adb1-36013fc2f43a.jpg?1576313470,"Flying,Adamant",Lucas Graciano,common,0.02,0.07,,0.02,0.09,,"englishCards",false,"","U","Creature — Human Knight",nm,Паладин Вантресса,"undefined"
eld,Throne of Eldraine,en,63,"Sage of the Falls",1,false,9335,https://cards.scryfall.io/normal/front/2/7/274e3aa4-4b46-4daa-a7a8-400a20c59435.jpg?1615508412,"",Nicholas Gregory,uncommon,0.10,0.26,,0.12,0.20,,"englishCards",false,"","U","Creature — Merfolk Wizard",nm,Мудрец Водопадов,"undefined"
eld,Throne of Eldraine,en,188,"Drown in the Loch",1,false,855,https://cards.scryfall.io/normal/front/8/b/8bf5df5b-164d-4ec2-a5e6-bbaea152e271.jpg?1572490739,"",John Stanko,uncommon,1.17,2.57,,0.93,2.63,,"englishCards",false,"","B,U","Instant",nm,Утопить в Озере,"undefined"
eld,Throne of Eldraine,en,74,"Witching Well",1,false,6189,https://cards.scryfall.io/normal/front/6/2/62d3132f-f897-4a7a-9de4-c6388e83f5ad.jpg?1615508418,"Scry",John Avon,common,0.03,0.26,,0.08,0.36,,"englishCards",false,"","U","Artifact",nm,Ведьмин Колодец,"undefined"
eld,Throne of Eldraine,en,119,"Crystal Slipper",1,false,12820,https://cards.scryfall.io/normal/front/9/f/9f738ca6-5254-4dbc-9f59-854e81c8dac2.jpg?1572490325,"Equip",Howard Lyon,common,0.03,0.18,,0.07,0.10,,"englishCards",false,"","R","Artifact — Equipment",nm,Хрустальная Туфелька,"undefined"
eld,Throne of Eldraine,en,135,"Redcap Melee",1,false,19235,https://cards.scryfall.io/normal/front/6/b/6bd1dd34-d480-4dfd-9f82-73c4e24a11fc.jpg?1572490418,"",Chris Rallis,uncommon,0.05,0.27,,0.07,0.30,,"englishCards",false,"","R","Instant",nm,Драка Красных Колпаков,"undefined"
eld,Throne of Eldraine,en,228,"Roving Keep",2,false,19443,https://cards.scryfall.io/normal/front/3/8/38a0136e-a637-4a12-a38f-35f772b290a9.jpg?1592485658,"Defender",Svetlin Velinov,common,0.04,0.06,,0.03,0.08,,"englishCards",false,"","","Artifact Creature — Wall",nm,Бродячая Крепость,"undefined"
eld,Throne of Eldraine,en,227,"Prophet of the Peak",3,false,19174,https://cards.scryfall.io/normal/front/5/8/58131bf2-2a9f-4b81-9eeb-810372f3896c.jpg?1572491043,"Scry",Titus Lunter,common,0.02,0.17,,0.13,0.12,,"englishCards",false,"","","Artifact Creature — Cat",nm,Пророк с Пика,"undefined"
eld,Throne of Eldraine,en,184,"Wolf's Quarry",1,false,13674,https://cards.scryfall.io/normal/front/5/d/5d21c15f-378e-4abf-992f-9743aa6ab6b8.jpg?1590720504,"Food",Lars Grant-West,common,0.03,0.11,,0.07,0.13,,"englishCards",false,"","G","Sorcery",nm,Волчья Сыть,"undefined"
eld,Throne of Eldraine,en,220,"Golden Egg",1,false,5834,https://cards.scryfall.io/normal/front/5/2/525142c3-f17c-4e02-a02d-fa385215aa12.jpg?1572490979,"",Lindsey Look,common,0.05,0.67,,0.11,0.50,,"englishCards",false,"","","Artifact — Food",nm,Золотое Яйцо,"undefined"
eld,Throne of Eldraine,en,76,"Bake into a Pie",1,false,5734,https://cards.scryfall.io/normal/front/4/2/42a4d090-1bb7-4334-ab22-e2527391e79b.jpg?1572490064,"Food",Zoltan Boros,common,0.14,0.20,,0.07,0.19,,"englishCards",false,"","B","Instant",nm,Запечь в Пироге,"undefined"
eld,Throne of Eldraine,en,18,"Hushbringer",1,false,1873,https://cards.scryfall.io/normal/front/6/6/663b3e6f-1099-4de8-a0a7-6f1919c38010.jpg?1572489709,"Flying,Lifelink",Bastien L. Deharme,rare,0.70,2.51,,0.76,2.31,,"englishCards",false,"","W","Creature — Faerie",nm,Утихомиривательница,"undefined"
eld,Throne of Eldraine,en,197,"Oko, Thief of Crowns",1,false,1073,https://cards.scryfall.io/normal/front/3/4/3462a3d0-5552-49fa-9eb7-100960c55891.jpg?1650599698,"Food",Yongjae Choi,mythic,17.95,19.54,,13.86,22.87,,"englishCards",false,"","G,U","Legendary Planeswalker — Oko",nm,Око Похититель Корон,"undefined"
eld,Throne of Eldraine,en,189,"Escape to the Wilds",1,false,2015,https://cards.scryfall.io/normal/front/3/e/3e26c10b-179f-4a6e-bc8d-3ec1d6783fb9.jpg?1602499769,"",Chris Ostrowski,rare,0.59,1.21,,0.35,0.86,,"englishCards",false,"","G,R","Sorcery",nm,Побег в Дикие Дебри,"undefined"
eld,Throne of Eldraine,en,190,"Faeburrow Elder",1,true,509,https://cards.scryfall.io/normal/front/1/c/1ca29912-88b1-413f-ad9d-63d7d1b1ca16.jpg?1572490752,"Vigilance",Raoul Vitale,rare,3.73,3.82,,1.39,2.25,,"englishCards",false,"","G,W","Creature — Treefolk Druid",nm,Старейшина Дивной Чащи,"undefined"
eld,Throne of Eldraine,en,54,"Midnight Clock",1,false,559,https://cards.scryfall.io/normal/front/0/f/0f7f1148-7b1b-4969-a2f8-428de1e2e8ff.jpg?1572489934,"",Alexander Forssberg,rare,0.46,2.06,,0.40,1.28,,"englishCards",false,"","U","Artifact",nm,Часы Полуночи,"undefined"
eld,Throne of Eldraine,en,66,"Stolen by the Fae",1,false,4824,https://cards.scryfall.io/normal/front/a/9/a98a7698-57fb-41f6-86d4-251c7d444c6a.jpg?1572490003,"",Ryan Alexander Lee,rare,0.30,0.61,,0.21,0.50,,"englishCards",false,"","U","Sorcery",nm,Похищенный Феями,"undefined"
eld,Throne of Eldraine,en,8,"Charming Prince",1,false,1746,https://cards.scryfall.io/normal/front/d/c/dcb94950-3f3e-4876-84f8-d5e4d9cfecee.jpg?1572489646,"Scry",Randy Vargas,rare,1.51,1.87,,1.69,2.72,,"englishCards",false,"","W","Creature — Human Noble",nm,Прекрасный Принц,"undefined"
eld,Throne of Eldraine,en,238,"Castle Ardenvale",1,false,612,https://cards.scryfall.io/normal/front/7/f/7f910495-8bd7-4134-a281-c16fd666d5cc.jpg?1572491161,"",Volkan Baǵa,rare,0.52,2.07,,0.77,2.70,,"englishCards",false,"","","Land",nm,Замок Арденвейл,"undefined"
eld,Throne of Eldraine,en,392,"Piper of the Swarm",1,true,2880,https://cards.scryfall.io/normal/front/1/e/1e3dee73-b220-4da9-82ef-e3f551dccb17.jpg?1683157379,"",Jesper Ejsing,rare,,0.26,,,0.32,,"englishCards",false,"","B","Creature — Human Warlock",nm,,"bundle"
eld,Throne of Eldraine,en,235,"Stonecoil Serpent",1,false,1319,https://cards.scryfall.io/normal/front/b/3/b34bf7fd-9fe3-43e2-8cfe-7ce7cff08afe.jpg?1572491124,"Reach,Protection,Trample",Mark Poole,rare,0.48,1.11,,0.68,2.55,,"englishCards",false,"","","Artifact Creature — Snake",nm,Камнеспиральный Змей,"undefined"
eld,Throne of Eldraine,en,36,"Worthy Knight",1,false,5680,https://cards.scryfall.io/normal/front/4/b/4b2bde2d-e5df-407e-993c-85880dbb6045.jpg?1572489821,"",Yongjae Choi,rare,0.27,0.28,,0.27,0.24,,"englishCards",false,"","W","Creature — Human Knight",nm,Достойный Рыцарь,"undefined"
eld,Throne of Eldraine,en,22,"Mysterious Pathlighter",1,false,13542,https://cards.scryfall.io/normal/front/1/0/1028aa10-aded-4aeb-b70f-d7a9003ae846.jpg?1692806282,"Flying",Kimonas Theodossiou,uncommon,0.06,0.25,,0.07,0.24,,"englishCards",false,"","W","Creature — Faerie",nm,Таинственный Фонарщик,"undefined"
eld,Throne of Eldraine,en,77,"Barrow Witches",1,true,21840,https://cards.scryfall.io/normal/front/4/5/45707c22-fce8-4dbd-9d19-73f08c68f449.jpg?1572490072,"",Alex Brock,common,0.02,0.14,,0.03,0.09,,"englishCards",false,"","B","Creature — Human Warlock",nm,Курганные Ведьмы,"undefined"
eld,Throne of Eldraine,en,30,"Silverflame Ritual",1,false,14839,https://cards.scryfall.io/normal/front/c/a/cad7efd1-5f53-4466-9a02-c474c265298a.jpg?1572489779,"Adamant",Jason Felix,common,0.04,0.12,,0.10,0.13,,"englishCards",false,"","W","Sorcery",nm,Ритуал Серебряного Пламени,"undefined"
eld,Throne of Eldraine,en,207,"Covetous Urge",1,false,9662,https://cards.scryfall.io/normal/front/f/3/f3b4871d-4d74-411b-88e0-9a9d386cafe1.jpg?1572490875,"",Carmen Sinek,uncommon,0.15,0.43,,0.16,0.19,,"englishCards",false,"","B,U","Sorcery",nm,Алчный Порыв,"undefined"
eld,Throne of Eldraine,en,109,"Wicked Guardian",1,false,20455,https://cards.scryfall.io/normal/front/7/1/71cd91b2-0f9b-4582-ad90-32fa3ee1fde7.jpg?1572490265,"",Matt Stewart,common,0.02,0.11,,0.03,0.16,,"englishCards",false,"","B","Creature — Human Noble",nm,Жестокая Опекунша,"undefined"
eld,Throne of Eldraine,en,104,"Revenge of Ravens",1,false,1742,https://cards.scryfall.io/normal/front/3/4/3474289a-193e-452d-b248-e53ee99e22c0.jpg?1572490235,"",Dmitry Burmak,uncommon,0.52,0.75,,0.22,0.60,,"englishCards",false,"","B","Enchantment",nm,Месть Воронов,"undefined"
eld,Throne of Eldraine,en,24,"Prized Griffin",1,false,21412,https://cards.scryfall.io/normal/front/8/7/877bd423-83ff-4a28-b0d2-447a7821bb8c.jpg?1572489744,"Flying",Jesper Ejsing,common,0.02,0.04,,0.02,0.12,,"englishCards",false,"","W","Creature — Griffin",nm,Ценный Грифон,"undefined"
eld,Throne of Eldraine,en,6,"Bartered Cow",2,false,18794,https://cards.scryfall.io/normal/front/1/d/1de43c67-7dfe-4282-b433-4e394366d2e9.jpg?1572489634,"Food",Deruchenko Alexander,common,0.03,0.18,,0.02,0.30,,"englishCards",false,"","W","Creature — Ox",nm,Сторгованная Корова,"undefined"
eld,Throne of Eldraine,en,33,"Trapped in the Tower",1,false,13577,https://cards.scryfall.io/normal/front/9/7/974e84ce-5b51-4bd7-9a4d-b64d8f8f62d4.jpg?1572489802,"Enchant",Howard Lyon,common,0.05,0.14,,0.05,0.11,,"englishCards",false,"","W","Enchantment — Aura",nm,Заточение в Башне,"undefined"
eld,Throne of Eldraine,en,7,"Beloved Princess",2,false,12305,https://cards.scryfall.io/normal/front/4/c/4c6ee4eb-70b2-4f99-9d54-5caf2d3713be.jpg?1578068487,"Lifelink",Howard Lyon,common,0.05,0.20,,0.04,0.47,,"englishCards",false,"","W","Creature — Human Noble",nm,Обожаемая Принцесса,"undefined"
eld,Throne of Eldraine,en,225,"Locthwain Gargoyle",1,false,17653,https://cards.scryfall.io/normal/front/0/2/02551bee-335c-4bf7-b38e-67dd71d1d567.jpg?1592485681,"",Nils Hamm,common,0.03,0.05,,0.10,0.15,,"englishCards",false,"","","Artifact Creature — Gargoyle",nm,Горгулья Локтвейна,"undefined"
eld,Throne of Eldraine,en,19,"Knight of the Keep",1,false,21091,https://cards.scryfall.io/normal/front/0/d/0d49653d-cd4e-40a7-99de-fc531b5d8594.jpg?1572489715,"",Bram Sels,common,0.02,0.07,,0.05,0.07,,"englishCards",false,"","W","Creature — Human Knight",nm,Рыцарь из Твердыни,"undefined"
eld,Throne of Eldraine,en,95,"Malevolent Noble",1,false,19909,https://cards.scryfall.io/normal/front/6/b/6bc7e996-151f-4d88-8e1e-91bb88f5db02.jpg?1572490179,"",Randy Vargas,common,0.01,0.08,,0.04,0.12,,"englishCards",false,"","B","Creature — Human Noble",nm,Злонравный Вельможа,"undefined"
eld,Throne of Eldraine,en,249,"Witch's Cottage",1,false,719,https://cards.scryfall.io/normal/front/b/8/b87891cd-b457-4dff-8d18-a7eaf6748fc6.jpg?1572491253,"",Gabor Szikszai,common,0.52,2.02,,0.35,1.50,,"englishCards",false,"","","Land — Swamp",nm,Ведьмина Избушка,"undefined"
eld,Throne of Eldraine,en,5,"Ardenvale Tactician // Dizzying Swoop",1,false,9958,https://cards.scryfall.io/normal/front/c/7/c7d5e394-8e41-442e-ae97-a478a61e1b9d.jpg?1572489629,"Flying",Jason Rainville,common,0.03,0.15,,0.10,0.20,,"englishCards",false,"","W","Creature — Human Knight // Instant — Adventure",nm,Тактик Арденвейла // Крутое Пике,"undefined"
eld,Throne of Eldraine,en,87,"Festive Funeral",1,false,20131,https://cards.scryfall.io/normal/front/9/0/90a90af0-eb40-40da-bf4b-f0af687c6430.jpg?1636491510,"",Zack Stella,common,0.02,0.04,,0.02,0.13,,"englishCards",false,"","B","Instant",nm,Торжественные Похороны,"undefined"
eld,Throne of Eldraine,en,105,"Smitten Swordmaster // Curry Favor",1,false,5105,https://cards.scryfall.io/normal/front/f/8/f82541f2-b17c-45b4-87ff-f9b46d23578c.jpg?1572490242,"Lifelink",Taylor Ingvarsson,common,0.05,0.18,,0.08,0.19,,"englishCards",false,"","B","Creature — Human Knight // Sorcery — Adventure",nm,Влюбившийся Мечник // Заискивание,"undefined"
eld,Throne of Eldraine,en,234,"Spinning Wheel",2,false,11769,https://cards.scryfall.io/normal/front/0/7/070ff479-9d87-4ab6-aaaa-e96b9df0bac4.jpg?1572491113,"",Aaron Miller,uncommon,0.09,0.21,,0.07,0.16,,"englishCards",false,"","","Artifact",nm,Прялка,"undefined"
eld,Throne of Eldraine,en,91,"Giant's Skewer",1,false,9930,https://cards.scryfall.io/normal/front/0/5/050c03f9-ccbd-4dcc-9789-8013875ef470.jpg?1572490156,"Food,Equip",James Paick,common,0.05,0.20,,0.10,0.15,,"englishCards",false,"","B","Artifact — Equipment",nm,Вертел Великана,"undefined"
eld,Throne of Eldraine,en,13,"Fortifying Provisions",3,false,14875,https://cards.scryfall.io/normal/front/9/8/98ce113c-53da-4fab-b7c9-fc3df248b65e.jpg?1572489679,"Food",Scott Murphy,common,0.02,0.07,,0.10,0.13,,"englishCards",false,"","W","Enchantment",nm,Укрепляющий Провиант,"undefined"
eld,Throne of Eldraine,en,103,"Reave Soul",1,false,16630,https://cards.scryfall.io/normal/front/c/e/ce7ff657-aa44-4336-895a-87518159cef6.jpg?1572490229,"",Naomi Baker,common,0.02,0.06,,0.11,0.04,,"englishCards",false,"","B","Sorcery",nm,Похищение Души,"undefined"
eld,Throne of Eldraine,en,28,"Shepherd of the Flock // Usher to Safety",1,false,8267,https://cards.scryfall.io/normal/front/c/0/c0b4f0ce-0d18-4546-803d-94a2f4f30951.jpg?1572489768,"",Drew Baker,uncommon,0.09,0.20,,0.09,0.24,,"englishCards",false,"","W","Creature — Human Peasant // Instant — Adventure",nm,Пастырь Стада // Увести в Укрытие,"undefined"
eld,Throne of Eldraine,en,223,"Inquisitive Puppet",1,false,13135,https://cards.scryfall.io/normal/front/8/0/807a570a-b5eb-420d-9fa5-6e5364025510.jpg?1572491011,"Scry",Joseph Meehan,uncommon,0.03,0.12,,0.11,0.29,,"englishCards",false,"","","Artifact Creature — Construct",nm,Любознательная Марионетка,"undefined"
eld,Throne of Eldraine,en,216,"Clockwork Servant",1,false,18172,https://cards.scryfall.io/normal/front/c/3/c3af5942-d171-401a-9444-3b59c579e4db.jpg?1572490948,"Adamant",David Palumbo,uncommon,0.03,0.08,,0.02,0.18,,"englishCards",false,"","","Artifact Creature — Gnome",nm,Заводной Слуга,"undefined"
eld,Throne of Eldraine,en,29,"Shining Armor",1,false,14991,https://cards.scryfall.io/normal/front/7/7/7791f46e-f772-4d3f-824e-52b4fc721b58.jpg?1572489773,"Equip,Flash",Eric Deschamps,common,0.03,0.12,,0.02,0.11,,"englishCards",false,"","W","Artifact — Equipment",nm,Сияющие Доспехи,"undefined"
eld,Throne of Eldraine,en,21,"Lonesome Unicorn // Rider in Need",1,false,12099,https://cards.scryfall.io/normal/front/9/9/99083707-2152-42c0-b5c3-b4f97ec20190.jpg?1572489726,"Vigilance",Winona Nelson,common,0.04,0.20,,0.07,0.25,,"englishCards",false,"","W","Creature — Unicorn // Sorcery — Adventure",nm,Одинокий Единорог // Всадник в Нужде,"undefined"
eld,Throne of Eldraine,en,94,"Lost Legion",2,false,15913,https://cards.scryfall.io/normal/front/2/d/2d6139d3-5397-4403-9c1e-312c11a7542b.jpg?1572490173,"Scry",Anastasia Ovchinnikova,common,0.03,0.09,,0.06,0.12,,"englishCards",false,"","B","Creature — Spirit Knight",nm,Потерянный Легион,"undefined"
eld,Throne of Eldraine,en,11,"Faerie Guidemother // Gift of the Fae",1,false,9954,https://cards.scryfall.io/normal/front/e/8/e8bbece8-9620-44d9-b991-350fe952538a.jpg?1572489666,"Flying",Mila Pesic,common,0.06,0.20,,0.07,0.24,,"englishCards",false,"","W","Creature — Faerie // Sorcery — Adventure",nm,Фея-Наставница // Дар Фей,"undefined"
eld,Throne of Eldraine,en,77,"Barrow Witches",1,false,21840,https://cards.scryfall.io/normal/front/4/5/45707c22-fce8-4dbd-9d19-73f08c68f449.jpg?1572490072,"",Alex Brock,common,0.02,0.14,,0.03,0.09,,"englishCards",false,"","B","Creature — Human Warlock",nm,Курганные Ведьмы,"undefined"
eld,Throne of Eldraine,en,93,"Locthwain Paladin",1,false,20599,https://cards.scryfall.io/normal/front/d/a/da6f21a8-3dd0-42af-8a93-84f98968c781.jpg?1572490167,"Adamant,Menace",Zack Stella,common,0.03,0.16,,0.10,0.08,,"englishCards",false,"","B","Creature — Human Knight",nm,Паладин Локтвейна,"undefined"
eld,Throne of Eldraine,en,25,"Rally for the Throne",1,false,10757,https://cards.scryfall.io/normal/front/5/4/548d7ff0-70b6-4221-b50b-3ee8547e1b0a.jpg?1572489750,"Adamant",James Paick,uncommon,0.11,0.23,,0.16,0.04,,"englishCards",false,"","W","Instant",nm,Сплотиться во Имя Трона,"undefined"
eld,Throne of Eldraine,en,27,"Righteousness",1,true,13355,https://cards.scryfall.io/normal/front/d/2/d2910df2-e288-4fa0-9859-c5ca35da2d55.jpg?1572489762,"",Howard Lyon,uncommon,0.07,0.16,,0.12,0.21,,"englishCards",false,"","W","Instant",nm,Праведность,"undefined"
eld,Throne of Eldraine,en,204,"Wandermare",1,false,13951,https://cards.scryfall.io/normal/front/9/a/9a72fb5b-5c55-4ce9-b9d0-98f924d6f338.jpg?1692806324,"",Kari Christensen,uncommon,0.04,0.17,,0.06,0.24,,"englishCards",false,"","G,W","Creature — Horse",nm,Кобылица Странствий,"undefined"
eld,Throne of Eldraine,en,246,"Idyllic Grange",1,false,3382,https://cards.scryfall.io/normal/front/c/a/ca2c611c-3a6f-44b0-9daa-837a465845e0.jpg?1572491225,"",Howard Lyon,common,0.16,2.63,,0.13,0.48,,"englishCards",false,"","","Land — Plains",nm,Безмятежная Мыза,"undefined"
eld,Throne of Eldraine,en,236,"Weapon Rack",1,false,15800,https://cards.scryfall.io/normal/front/8/9/89ca22d2-3ba5-4173-9c8c-6587a901ff4a.jpg?1572491137,"",Joe Slucher,common,0.03,0.06,,0.02,0.10,,"englishCards",false,"","","Artifact",nm,Оружейная Стойка,"undefined"
eld,Throne of Eldraine,en,108,"Tempting Witch",1,false,9685,https://cards.scryfall.io/normal/front/8/b/8b217e5a-3c18-48b4-8124-b8c4fd7b2df1.jpg?1572490260,"Food",Mila Pesic,common,0.03,0.24,,0.14,0.10,,"englishCards",false,"","B","Creature — Human Warlock",nm,Ведьма-Искусительница,"undefined"
eld,Throne of Eldraine,en,37,"Youthful Knight",1,false,17544,https://cards.scryfall.io/normal/front/3/d/3d1a3fec-39de-4223-9da2-22749a58cd62.jpg?1572489827,"First strike",Heonhwa Choe,common,0.03,0.11,,0.02,0.08,,"englishCards",false,"","W","Creature — Human Knight",nm,Юный Рыцарь,"undefined"
eld,Throne of Eldraine,en,221,"Henge Walker",1,false,20025,https://cards.scryfall.io/normal/front/9/9/9925f0bc-8685-4e38-8864-0ad3a9549ab5.jpg?1572490988,"Adamant",Titus Lunter,common,0.02,0.11,,0.03,0.12,,"englishCards",false,"","","Artifact Creature — Golem",nm,Ходячий Дольмен,"undefined"
eld,Throne of Eldraine,en,78,"Belle of the Brawl",1,false,10829,https://cards.scryfall.io/normal/front/2/c/2c3c992a-70b5-4d3c-9a96-93c3365691ac.jpg?1572490079,"Menace",Magali Villeneuve,uncommon,0.14,0.25,,0.09,0.25,,"englishCards",false,"","B","Creature — Human Knight",nm,Прелестная Воительница,"undefined"
eld,Throne of Eldraine,en,92,"Lash of Thorns",1,false,17293,https://cards.scryfall.io/normal/front/e/a/ea45e972-6e4a-4854-9be3-6ffb24e7d7a5.jpg?1572490162,"",Jeff Simpson,common,0.04,0.11,,0.03,0.12,,"englishCards",false,"","B","Instant",nm,Шипастая Плеть,"undefined"
eld,Throne of Eldraine,en,89,"Forever Young",1,false,4425,https://cards.scryfall.io/normal/front/7/8/7873c1f9-572c-4740-82f8-cf3cbc7318d0.jpg?1572490144,"",Volkan Baǵa,common,0.12,0.30,,0.08,0.43,,"englishCards",false,"","B","Sorcery",nm,Вечная Молодость,"undefined"
eld,Throne of Eldraine,en,224,"Jousting Dummy",1,false,13020,https://cards.scryfall.io/normal/front/f/6/f6601056-af08-4239-97d5-5e11597fce18.jpg?1572491020,"",Milivoj Ćeran,common,0.04,0.12,,0.05,0.13,,"englishCards",false,"","","Artifact Creature — Scarecrow Knight",nm,Турнирный Манекен,"undefined"
vow,Innistrad: Crimson Vow,en,404,"Sigarda's Summons",1,true,3793,https://cards.scryfall.io/normal/front/0/6/06242f90-5709-482c-8d45-a60a4dc9e8bc.jpg?1674182918,"",Wisnu Tan,rare,,0.30,,,0.23,,"englishCards",false,"","W","Enchantment",nm,Призыв Сигарды,"bundle"
vow,Innistrad: Crimson Vow,en,54,"Cradle of Safety",1,false,12974,https://cards.scryfall.io/normal/front/4/2/42cbad81-152a-435f-9289-f4b6483a059b.jpg?1643587680,"Enchant,Flash",Howard Lyon,common,0.02,0.02,,0.06,0.11,,"englishCards",false,"","U","Enchantment — Aura",nm,Колыбель Безопасности,"undefined"
vow,Innistrad: Crimson Vow,en,80,"Steelclad Spirit",1,false,21468,https://cards.scryfall.io/normal/front/5/5/55fb1426-5a6f-48dd-938b-c64b1a28ee59.jpg?1643588656,"Defender",Artur Treffner,common,0.02,0.02,,0.05,0.06,,"englishCards",false,"","U","Creature — Spirit",nm,Дух в Стальных Доспехах,"undefined"
vow,Innistrad: Crimson Vow,en,86,"Wanderlight Spirit",1,false,22294,https://cards.scryfall.io/normal/front/7/b/7bb3ce5d-330d-427e-a053-8cc4eeb2941b.jpg?1643588819,"Flying",Andrew Mar,common,0.01,0.06,,0.04,0.05,,"englishCards",false,"","U","Creature — Spirit",nm,Дух Бродячего Света,"undefined"
vow,Innistrad: Crimson Vow,en,190,"Cartographer's Survey",1,false,10199,https://cards.scryfall.io/normal/front/b/9/b9a41cfc-f329-4e69-a785-835f69c7d2ba.jpg?1643592382,"",Donato Giancola,uncommon,0.06,0.16,,0.10,0.21,,"englishCards",false,"","G","Sorcery",nm,Изыскания Картографа,"undefined"
vow,Innistrad: Crimson Vow,en,230,"Ancient Lumberknot",1,false,7690,https://cards.scryfall.io/normal/front/2/2/22264087-bac4-4746-b6ce-0d44cce163e6.jpg?1643593736,"",Nicholas Gregory,uncommon,0.10,0.19,,0.17,0.30,,"englishCards",false,"","B,G","Creature — Treefolk",nm,Древний Древокрут,"undefined"
vow,Innistrad: Crimson Vow,en,206,"Infestation Expert // Infested Werewolf",1,false,14252,https://cards.scryfall.io/normal/front/0/9/0936761c-7cdc-49ef-8a0d-ed79219f1056.jpg?1643592979,"Daybound,Nightbound",Vincent Proce,uncommon,0.04,0.11,,0.03,0.15,,"englishCards",false,"sunmoondfc","G","Creature — Human Werewolf // Creature — Werewolf",nm,,"undefined"
vow,Innistrad: Crimson Vow,en,226,"Weaver of Blossoms // Blossom-Clad Werewolf",1,false,6638,https://cards.scryfall.io/normal/front/7/3/73bf2a0a-b97d-4b90-abd6-d1755734ea15.jpg?1643593617,"Daybound,Nightbound",Andrey Kuzinskiy,common,0.04,0.18,,0.07,0.21,,"englishCards",false,"sunmoondfc","G","Creature — Human Werewolf // Creature — Werewolf",nm,,"undefined"
vow,Innistrad: Crimson Vow,en,308,"Voldaren Epicure",1,false,4188,https://cards.scryfall.io/normal/front/f/e/feda6bb3-ee22-489c-bcfd-52ef04841024.jpg?1645055162,"",Vi Szendrey (Cashile),common,0.17,0.43,,0.22,0.37,,"englishCards",false,"showcase","R","Creature — Vampire",nm,Волдаренский Эпикуреец,"boosterfun"
voc,Crimson Vow Commander,en,4,"Timothar, Baron of Bats",1,false,6178,https://cards.scryfall.io/normal/front/a/1/a148447f-e3bd-4a49-a802-4d489f3c50d9.jpg?1641655854,"Ward",Jason A. Engle,mythic,0.32,0.18,,0.22,0.47,,"englishCards",false,"legendary","B","Legendary Creature — Vampire Noble",nm,Тимотар Барон Нетопырей,"undefined"
vow,Innistrad: Crimson Vow,en,124,"Path of Peril",1,false,11566,https://cards.scryfall.io/normal/front/f/0/f0c5449a-d63b-4b22-9432-8f0365c3c4d9.jpg?1643590080,"Cleave",Kasia 'Kafis' Zielińska,rare,1.92,2.13,,2.62,3.75,,"englishCards",false,"","B","Sorcery",nm,Путь Опасностей,"undefined"
vow,Innistrad: Crimson Vow,en,45,"Wedding Announcement // Wedding Festivity",1,true,4615,https://cards.scryfall.io/normal/front/2/c/2c3ddb1f-a1de-4fea-9042-5e9caa16ceb2.jpg?1643587382,"Transform",Caroline Gariba,rare,14.58,18.29,,17.70,19.28,,"englishCards",false,"sunmoondfc","W","Enchantment // Enchantment",nm,,"undefined"
cmr,Commander Legends,en,60,"Brinelin, the Moon Kraken",1,false,4216,https://cards.scryfall.io/normal/front/4/b/4b063dfd-5a80-48c9-8f7b-48d21a129a76.jpg?1608909132,"Partner",Adam Paquette,uncommon,0.08,0.26,,0.10,0.24,,"englishCards",false,"legendary","U","Legendary Creature — Kraken",nm,,"undefined"
vow,Innistrad: Crimson Vow,en,78,"Skywarp Skaab",1,false,20205,https://cards.scryfall.io/normal/front/7/3/73168804-3c22-4fcb-907a-2f08999c0cea.jpg?1643588568,"Flying",Steven Belledin,common,0.04,0.01,,0.06,0.06,,"englishCards",false,"","U","Creature — Zombie Drake",nm,Оскверняющий Небо Скааб,"undefined"
vow,Innistrad: Crimson Vow,en,76,"Selhoff Entomber",1,false,14318,https://cards.scryfall.io/normal/front/f/8/f8805db2-5a26-43cf-9b74-f882c283e5e4.jpg?1643588510,"",Johann Bodin,common,0.04,0.05,,0.10,0.10,,"englishCards",false,"","U","Creature — Zombie",nm,Селхоффский Могильщик,"undefined"
vow,Innistrad: Crimson Vow,en,51,"Chill of the Grave",1,false,15706,https://cards.scryfall.io/normal/front/6/0/60222e91-a688-4113-a8c2-ab08f52bb6e1.jpg?1643587605,"",Olivier Bernard,common,0.04,0.03,,0.03,0.11,,"englishCards",false,"","U","Instant",nm,Могильный Холод,"undefined"
vow,Innistrad: Crimson Vow,en,87,"Wash Away",1,false,1584,https://cards.scryfall.io/normal/front/4/3/43411ade-be80-4535-8baa-7055e78496df.jpg?1643588844,"Cleave",Brian Valeza,uncommon,0.44,1.09,,0.59,2.00,,"englishCards",false,"","U","Instant",nm,Смыть,"undefined"
vow,Innistrad: Crimson Vow,en,82,"Stormchaser Drake",1,false,4942,https://cards.scryfall.io/normal/front/3/d/3dd5c860-9d27-40d9-af38-aaf40bd52423.jpg?1643588717,"Flying",Brent Hollowell,uncommon,0.24,0.35,,0.18,0.48,,"englishCards",false,"","U","Creature — Drake",nm,Преследующий Бури Дрейк,"undefined"
vow,Innistrad: Crimson Vow,en,60,"Geistlight Snare",1,false,12432,https://cards.scryfall.io/normal/front/7/3/7302b5da-cac5-4ce7-ad38-2ff4e410891b.jpg?1643587841,"",Anato Finnstark,uncommon,0.15,0.28,,0.15,0.24,,"englishCards",false,"","U","Instant",nm,Ловушка Призрачного Фонаря,"undefined"
vow,Innistrad: Crimson Vow,en,104,"Desperate Farmer // Depraved Harvester",1,false,15727,https://cards.scryfall.io/normal/front/4/6/467c566e-7f6a-40c9-8fd7-da6ae96df56c.jpg?1643589472,"Lifelink,Transform",Valera Lutfullina,common,0.02,0.08,,0.02,0.04,,"englishCards",false,"sunmoondfc","B","Creature — Human Peasant // Creature — Human Knight",nm,,"undefined"
vow,Innistrad: Crimson Vow,en,288,"Bloodcrazed Socialite",2,false,11476,https://cards.scryfall.io/normal/front/9/d/9df22639-7e98-43a1-801e-cbf882558c53.jpg?1645054630,"Menace",Samuel Araya,common,0.01,0.03,,0.07,0.10,,"englishCards",false,"showcase","B","Creature — Vampire",nm,Одержимая Кровью Бонвиванка,"boosterfun"
vow,Innistrad: Crimson Vow,en,292,"Gluttonous Guest",1,false,8520,https://cards.scryfall.io/normal/front/6/d/6d6abfce-ffe0-4506-89f9-41c2820b188f.jpg?1645054721,"",Marie Magny,common,0.04,0.13,,0.09,0.12,,"englishCards",false,"showcase","B","Creature — Vampire",nm,Ненасытная Гостья,"boosterfun"
vow,Innistrad: Crimson Vow,en,45,"Wedding Announcement // Wedding Festivity",1,false,4615,https://cards.scryfall.io/normal/front/2/c/2c3ddb1f-a1de-4fea-9042-5e9caa16ceb2.jpg?1643587382,"Transform",Caroline Gariba,rare,14.58,18.29,,17.70,19.28,,"englishCards",false,"sunmoondfc","W","Enchantment // Enchantment",nm,,"undefined"
vow,Innistrad: Crimson Vow,en,163,"Into the Night",1,true,8362,https://cards.scryfall.io/normal/front/b/5/b5a96286-0dda-4761-a1c5-241288c36275.jpg?1643591501,"",Valera Lutfullina,uncommon,0.08,0.15,,0.14,0.17,,"englishCards",false,"","R","Sorcery",nm,В Ночь,"undefined"
10e,Tenth Edition,en,321,"Doubling Cube",1,false,2867,https://cards.scryfall.io/normal/front/3/d/3d946df5-f206-4241-bb55-97db67dc793c.jpg?1562546549,"",Mark Tedin,rare,18.22,61.30,,6.91,37.18,,"englishCards",false,"","","Artifact",nm,Куб Удвоения,"undefined"
vow,Innistrad: Crimson Vow,en,78,"Skywarp Skaab",1,true,20205,https://cards.scryfall.io/normal/front/7/3/73168804-3c22-4fcb-907a-2f08999c0cea.jpg?1643588568,"Flying",Steven Belledin,common,0.04,0.01,,0.06,0.06,,"englishCards",false,"","U","Creature — Zombie Drake",nm,Оскверняющий Небо Скааб,"undefined"
vow,Innistrad: Crimson Vow,en,152,"Curse of Hospitality",1,false,4727,https://cards.scryfall.io/normal/front/4/5/45bcb839-4cff-4349-9892-0c76ae81929c.jpg?1643591074,"Enchant",Dominik Mayer,rare,0.24,0.33,,0.31,0.47,,"englishCards",false,"","R","Enchantment — Aura Curse",nm,Проклятие Гостеприимства,"undefined"
vow,Innistrad: Crimson Vow,en,10,"Drogskol Infantry // Drogskol Armaments",1,false,16052,https://cards.scryfall.io/normal/front/f/8/f88e269e-ff3d-4775-8520-5b7a6dddf23d.jpg?1643586120,"Transform,Enchant,Disturb",Cristi Balanescu,common,0.04,0.03,,0.06,0.09,,"englishCards",false,"sunmoondfc","W","Creature — Spirit Soldier // Enchantment — Aura",nm,,"undefined"
vow,Innistrad: Crimson Vow,en,22,"Kindly Ancestor // Ancestor's Embrace",2,false,13573,https://cards.scryfall.io/normal/front/2/5/25193485-7f41-4b05-9a69-4c112679f97c.jpg?1643586581,"Lifelink,Transform,Enchant,Disturb",Justyna Dura,common,0.02,0.07,,0.11,0.18,,"englishCards",false,"sunmoondfc","W","Creature — Spirit // Enchantment — Aura",nm,,"undefined"
vow,Innistrad: Crimson Vow,en,123,"Parasitic Grasp",1,false,17620,https://cards.scryfall.io/normal/front/0/7/0713adf7-1770-4d5b-80f7-d6cbd24f7890.jpg?1643590056,"Cleave",Rovina Cai,uncommon,0.11,0.12,,0.09,0.18,,"englishCards",false,"","B","Instant",nm,Паразитическая Хватка,"undefined"
vow,Innistrad: Crimson Vow,en,241,"Markov Purifier",1,false,4835,https://cards.scryfall.io/normal/front/b/b/bb95d34a-0b13-4533-9efc-08381c81e6cd.jpg?1643594199,"Lifelink",G-host Lee,uncommon,0.18,0.25,,0.12,0.21,,"englishCards",false,"","B,W","Creature — Vampire Cleric",nm,Очиститель из Рода Марковых,"undefined"
vow,Innistrad: Crimson Vow,en,139,"Abrade",1,false,178,https://cards.scryfall.io/normal/front/a/0/a0e47d11-cb21-402b-a39e-588a94cc57b4.jpg?1643590610,"",Dominik Mayer,common,0.12,0.40,,0.07,0.35,,"englishCards",false,"","R","Instant",nm,Истирание,"undefined"
vow,Innistrad: Crimson Vow,en,164,"Kessig Flamebreather",1,false,1059,https://cards.scryfall.io/normal/front/3/0/303ad78a-b02a-44dc-afe6-7f95781a5062.jpg?1643591531,"",Lius Lasahido,common,1.15,1.60,,0.70,1.03,,"englishCards",false,"","R","Creature — Human Shaman",nm,Кессигский Огнеглотатель,"undefined"
vow,Innistrad: Crimson Vow,en,153,"Daybreak Combatants",1,false,20939,https://cards.scryfall.io/normal/front/8/6/8697a861-0f67-4ed3-bed8-f264fc78565e.jpg?1643591098,"Haste",Joshua Raphael,common,0.01,0.01,,0.07,0.02,,"englishCards",false,"","R","Creature — Human Warrior",nm,Бойцы Рассвета,"undefined"
vow,Innistrad: Crimson Vow,en,196,"Dawnhart Disciple",1,false,20650,https://cards.scryfall.io/normal/front/c/4/c4bb669c-155e-4002-ba55-7e901760c0e8.jpg?1643592534,"",Mila Pesic,common,0.02,0.02,,0.04,0.05,,"englishCards",false,"","G","Creature — Human Warlock",nm,Ученица Донхарта,"undefined"
vow,Innistrad: Crimson Vow,en,185,"Apprentice Sharpshooter",1,false,14337,https://cards.scryfall.io/normal/front/f/0/f03f0790-cdc9-4bb4-ae54-2c248435b0a4.jpg?1643592227,"Reach,Training",Steve Prescott,common,0.01,0.04,,0.02,0.08,,"englishCards",false,"","G","Creature — Human Archer",nm,Ученица Снайпера,"undefined"
vow,Innistrad: Crimson Vow,en,155,"End the Festivities",1,false,2142,https://cards.scryfall.io/normal/front/b/e/bec748e6-7245-4a71-aeee-cefed8346948.jpg?1643591154,"",Chris Rallis,common,2.00,3.07,,1.24,2.09,,"englishCards",false,"","R","Sorcery",nm,Завершение Праздника,"undefined"
vow,Innistrad: Crimson Vow,en,166,"Lacerate Flesh",1,false,16068,https://cards.scryfall.io/normal/front/c/7/c7e0c0dc-2d35-4e5a-81da-dd5f35b8e579.jpg?1643591591,"",Pauline Voss,common,0.02,0.03,,0.03,0.06,,"englishCards",false,"","R","Sorcery",nm,Изрезанная Плоть,"undefined"
vow,Innistrad: Crimson Vow,en,158,"Flame-Blessed Bolt",1,false,13756,https://cards.scryfall.io/normal/front/b/1/b1771a8f-7bea-4bb0-9949-566ee6613b93.jpg?1643591339,"",Andreas Zafiratos,common,0.03,0.09,,0.07,0.13,,"englishCards",false,"","R","Instant",nm,Заклятый Пламенем Болт,"undefined"
vow,Innistrad: Crimson Vow,en,173,"Pyre Spawn",1,false,19969,https://cards.scryfall.io/normal/front/8/0/80255777-de00-4ffa-a8a0-f522bf4198fb.jpg?1643591848,"",Nicholas Gregory,common,0.01,0.01,,0.03,0.04,,"englishCards",false,"","R","Creature — Elemental",nm,Отродье Пожара,"undefined"
vow,Innistrad: Crimson Vow,en,88,"Whispering Wizard",1,false,11511,https://cards.scryfall.io/normal/front/5/4/54fb422d-71f2-44ed-9589-32630ab87050.jpg?1643588890,"",E. M. Gist,uncommon,0.04,0.07,,0.09,0.08,,"englishCards",false,"","U","Creature — Human Wizard",nm,Шепчущий Чародей,"undefined"
vow,Innistrad: Crimson Vow,en,90,"Witness the Future",1,false,12255,https://cards.scryfall.io/normal/front/d/0/d0b3683f-a68b-458c-8f70-bba0f8779b8a.jpg?1643588946,"",Anato Finnstark,uncommon,0.03,0.14,,0.10,0.03,,"englishCards",false,"","U","Sorcery",nm,Увидеть Будущее,"undefined"
vow,Innistrad: Crimson Vow,en,141,"Alluring Suitor // Deadly Dancer",1,false,16187,https://cards.scryfall.io/normal/front/3/9/397ffd01-c090-4233-9f5a-5f765886d498.jpg?1643590682,"Transform,Trample",Justine Cruz,uncommon,0.02,0.10,,0.11,0.10,,"englishCards",false,"sunmoondfc","R","Creature — Vampire // Creature — Vampire",nm,,"undefined"
vow,Innistrad: Crimson Vow,en,300,"Alluring Suitor // Deadly Dancer",1,false,16187,https://cards.scryfall.io/normal/front/8/0/8075878b-b673-4d0c-b335-8a37295cd8d8.jpg?1645055005,"Transform,Trample",Zinna Du,uncommon,0.04,0.12,,0.05,0.17,,"englishCards",false,"showcase,sunmoondfc","R","Creature — Vampire // Creature — Vampire",nm,,"boosterfun"
vow,Innistrad: Crimson Vow,en,278,"Sorin the Mirthless",1,false,4738,https://cards.scryfall.io/normal/front/1/1/112394a6-7819-43b4-adad-f6900aff2936.jpg?1643597114,"",Justyna Dura,mythic,4.98,5.85,,11.06,18.11,,"englishCards",false,"","B","Legendary Planeswalker — Sorin",nm,Сорин Безрадостный,"boosterfun"
vow,Innistrad: Crimson Vow,en,38,"Thalia, Guardian of Thraben",1,false,997,https://cards.scryfall.io/normal/front/c/9/c9f8b8fb-1cd8-450e-a1fe-892e7a323479.jpg?1643587106,"First strike",Magali Villeneuve,rare,0.55,1.25,,0.68,1.41,,"englishCards",false,"legendary","W","Legendary Creature — Human Soldier",nm,Талия Страж Трейбена,"undefined"
vow,Innistrad: Crimson Vow,en,60,"Geistlight Snare",1,true,12432,https://cards.scryfall.io/normal/front/7/3/7302b5da-cac5-4ce7-ad38-2ff4e410891b.jpg?1643587841,"",Anato Finnstark,uncommon,0.15,0.28,,0.15,0.24,,"englishCards",false,"","U","Instant",nm,Ловушка Призрачного Фонаря,"undefined"
vow,Innistrad: Crimson Vow,en,126,"Pointed Discussion",1,false,5700,https://cards.scryfall.io/normal/front/0/7/076deb63-f7e2-498f-a66a-8a190370a3b3.jpg?1643590144,"",Jarel Threat,common,0.05,0.22,,0.09,0.17,,"englishCards",false,"","B","Sorcery",nm,Колкая Дискуссия,"undefined"
vow,Innistrad: Crimson Vow,en,136,"Vampire's Kiss",1,false,9094,https://cards.scryfall.io/normal/front/9/7/974bf8cc-4259-48cc-8e7f-1580bb010d3f.jpg?1643590522,"",Ilse Gort,common,0.12,0.20,,0.16,0.33,,"englishCards",false,"","B","Sorcery",nm,Поцелуй Вампира,"undefined"
vow,Innistrad: Crimson Vow,en,96,"Bloodcrazed Socialite",1,false,11476,https://cards.scryfall.io/normal/front/8/b/8b12c378-1103-4a50-88fa-cf5a2deef463.jpg?1643589167,"Menace",Marta Nael,common,0.03,0.06,,0.08,0.06,,"englishCards",false,"","B","Creature — Vampire",nm,Одержимая Кровью Бонвиванка,"undefined"
vow,Innistrad: Crimson Vow,en,182,"Voldaren Epicure",1,false,4188,https://cards.scryfall.io/normal/front/a/e/ae154e64-f626-45fb-bd52-840c1c27b2d3.jpg?1643592109,"",Martina Fačková,common,0.38,3.35,,0.21,0.37,,"englishCards",false,"","R","Creature — Vampire",nm,Волдаренский Эпикуреец,"undefined"
vow,Innistrad: Crimson Vow,en,176,"Runebound Wolf",1,false,10493,https://cards.scryfall.io/normal/front/6/f/6f9615f0-376f-4ac0-b269-5f497f2b5223.jpg?1643591929,"",Tomas Duchek,uncommon,0.09,0.19,,0.14,0.12,,"englishCards",false,"","R","Creature — Wolf",nm,Руносвязанный Волк,"undefined"
vow,Innistrad: Crimson Vow,en,213,"Packsong Pup",1,false,7535,https://cards.scryfall.io/normal/front/d/4/d43d9686-a5e4-413b-8a34-3430788dd1b9.jpg?1643593187,"",April Prime,uncommon,0.22,0.27,,0.16,0.27,,"englishCards",false,"","G","Creature — Wolf",nm,Волчонок Песни Стаи,"undefined"
vow,Innistrad: Crimson Vow,en,66,"Lantern Bearer // Lanterns' Lift",1,false,11677,https://cards.scryfall.io/normal/front/a/4/a4d3652a-6774-4b16-aa8b-cb11d72ec7aa.jpg?1643588090,"Flying,Transform,Enchant,Disturb",Zoltan Boros,common,0.03,0.06,,0.05,0.11,,"englishCards",false,"sunmoondfc","U","Creature — Spirit // Enchantment — Aura",nm,,"undefined"
voc,Crimson Vow Commander,en,31,"Breathkeeper Seraph",1,false,4673,https://cards.scryfall.io/normal/front/9/9/992244dc-d988-41ce-9e3d-cd8034ccc50f.jpg?1644888580,"Flying,Soulbond",Alexander Mokhov,rare,0.92,,,0.67,,,"englishCards",false,"","W","Creature — Angel",nm,Серафим Хранительница Дыхания,"undefined"
vow,Innistrad: Crimson Vow,en,101,"Concealing Curtains // Revealing Eye",1,false,13029,https://cards.scryfall.io/normal/front/6/1/612b2e6e-fe8d-49ad-b845-6fa7fa59ffd1.jpg?1643596119,"Transform,Menace,Defender",Brian Valeza,rare,0.18,0.28,,0.25,0.47,,"englishCards",false,"sunmoondfc","B","Creature — Wall // Creature — Eye Horror",nm,,"undefined"
vow,Innistrad: Crimson Vow,en,167,"Lambholt Raconteur // Lambholt Ravager",1,true,10402,https://cards.scryfall.io/normal/front/0/c/0cbee24c-9147-46cb-a5f9-8d919c021aa4.jpg?1643591648,"Daybound,Nightbound",Andrey Kuzinskiy,uncommon,0.07,0.18,,0.10,0.08,,"englishCards",false,"sunmoondfc","R","Creature — Human Werewolf // Creature — Werewolf",nm,,"undefined"
vow,Innistrad: Crimson Vow,en,252,"Blood Servitor",1,false,14361,https://cards.scryfall.io/normal/front/8/7/87845cc2-bf5d-491d-bfa2-b33b034557a4.jpg?1643594580,"",Jason A. Engle,common,0.02,0.09,,0.03,0.09,,"englishCards",false,"","","Artifact Creature — Construct",nm,Кровавый Слуга,"undefined"
vow,Innistrad: Crimson Vow,en,94,"Bleed Dry",1,false,9328,https://cards.scryfall.io/normal/front/3/d/3db65755-f104-4de9-bcc9-0a4a7bc66b51.jpg?1643589104,"",Jodie Muir,common,0.02,0.07,,0.06,0.02,,"englishCards",false,"","B","Instant",nm,Обескровить Досуха,"undefined"
vow,Innistrad: Crimson Vow,en,113,"Gift of Fangs",1,false,11369,https://cards.scryfall.io/normal/front/a/8/a864375f-99c3-4c68-9440-bc25ff6d0dc0.jpg?1643589732,"Enchant",Dominik Mayer,common,0.08,0.07,,0.09,0.10,,"englishCards",false,"","B","Enchantment — Aura",nm,Дар Клыков,"undefined"
vow,Innistrad: Crimson Vow,en,116,"Grisly Ritual",1,false,14916,https://cards.scryfall.io/normal/front/5/3/53cdf2ab-3acd-49bd-8273-84c1cfc92883.jpg?1643589817,"",Anastasia Ovchinnikova,common,0.04,0.03,,0.05,0.04,,"englishCards",false,"","B","Sorcery",nm,Жуткий Ритуал,"undefined"
vow,Innistrad: Crimson Vow,en,7,"Circle of Confinement",1,false,18294,https://cards.scryfall.io/normal/front/1/3/13031fb6-9d5a-4add-9a86-28b2a9373fd2.jpg?1643585961,"",Lorenzo Mastroianni,uncommon,0.02,0.07,,0.12,0.12,,"englishCards",false,"","W","Enchantment",nm,Круг Заключения,"undefined"
vow,Innistrad: Crimson Vow,en,8,"Dawnhart Geist",1,false,12379,https://cards.scryfall.io/normal/front/a/1/a1d27617-2d3d-44a1-b93f-0694253b6774.jpg?1643585990,"",Artur Treffner,uncommon,0.04,0.08,,0.08,0.15,,"englishCards",false,"","W","Creature — Spirit Warlock",nm,Привидение Донхарта,"undefined"
vow,Innistrad: Crimson Vow,en,286,"Unholy Officiant",2,false,14054,https://cards.scryfall.io/normal/front/7/2/722b6cc7-16f2-43cd-bac6-42f5e7962d99.jpg?1645054593,"Vigilance",Jason A. Engle,common,0.03,0.01,,0.05,0.08,,"englishCards",false,"showcase","W","Creature — Vampire Cleric",nm,Нечестивый Пресвитер,"boosterfun"
vow,Innistrad: Crimson Vow,en,306,"Falkenrath Celebrants",1,false,11108,https://cards.scryfall.io/normal/front/6/a/6aacc8fa-9440-494b-a3d9-7b1678c5a9f6.jpg?1645055120,"Menace",Zinna Du,common,0.02,0.03,,0.06,0.09,,"englishCards",false,"showcase","R","Creature — Vampire",nm,Фалькенратские Сибаритки,"boosterfun"
vow,Innistrad: Crimson Vow,en,301,"Belligerent Guest",1,false,9880,https://cards.scryfall.io/normal/front/9/2/924b1c15-811a-4d11-a481-f904002a6740.jpg?1645055023,"Trample",Jason A. Engle,common,0.02,0.06,,0.02,0.17,,"englishCards",false,"showcase","R","Creature — Vampire",nm,Воинственная Гостья,"boosterfun"
vow,Innistrad: Crimson Vow,en,264,"Shattered Sanctum",1,false,390,https://cards.scryfall.io/normal/front/a/d/ad44c9aa-eb8f-4200-8dfe-2af728d80083.jpg?1655879804,"",Muhammad Firdaus,rare,21.88,17.82,,12.33,12.33,,"englishCards",false,"","","Land",nm,Разгромленное Святилище,"undefined"
vow,Innistrad: Crimson Vow,en,263,"Evolving Wilds",1,true,15,https://cards.scryfall.io/normal/front/e/8/e80fe230-745d-42ae-a1f5-a8cc950783d0.jpg?1643594919,"",Alayna Danner,common,0.08,0.19,,0.09,0.13,,"englishCards",false,"","","Land",nm,Перерождающиеся Дебри,"undefined"
vow,Innistrad: Crimson Vow,en,59,"Fear of Death",1,false,19170,https://cards.scryfall.io/normal/front/b/8/b81704d2-d555-4894-b36c-6b65d1ebe681.jpg?1643587816,"Enchant,Mill",Anato Finnstark,common,0.01,0.01,,0.03,0.09,,"englishCards",false,"","U","Enchantment — Aura",nm,Страх Смерти,"undefined"
vow,Innistrad: Crimson Vow,en,74,"Scattered Thoughts",1,false,10868,https://cards.scryfall.io/normal/front/d/c/dc5c6675-6e0f-427d-9399-a6e7fc6215f1.jpg?1643588449,"",Brian Valeza,common,0.03,0.07,,0.07,0.14,,"englishCards",false,"","U","Instant",nm,Мысли Вразброс,"undefined"
vow,Innistrad: Crimson Vow,en,26,"Nurturing Presence",1,false,14174,https://cards.scryfall.io/normal/front/3/5/35e109ea-8b86-4432-b15e-5a6201caf2aa.jpg?1643586697,"Enchant",Irina Nordsol,common,0.03,0.04,,0.05,0.09,,"englishCards",false,"","W","Enchantment — Aura",nm,Заботливое Присутствие,"undefined"
vow,Innistrad: Crimson Vow,en,259,"Lantern of the Lost",1,false,7741,https://cards.scryfall.io/normal/front/c/2/c2303f11-2c82-44d5-893a-8e71dece7746.jpg?1643594810,"",Chris Cold,uncommon,0.09,0.19,,0.14,0.14,,"englishCards",false,"","","Artifact",nm,Фонарь Потерянных,"undefined"
vow,Innistrad: Crimson Vow,en,67,"Lunar Rejection",1,false,22636,https://cards.scryfall.io/normal/front/0/f/0f66511c-355f-4e8a-96fc-3afc7a315231.jpg?1643588123,"Cleave",Donato Giancola,uncommon,0.01,0.02,,0.03,0.15,,"englishCards",false,"","U","Instant",nm,Лунный Отказ,"undefined"
vow,Innistrad: Crimson Vow,en,40,"Twinblade Geist // Twinblade Invocation",1,false,9198,https://cards.scryfall.io/normal/front/f/1/f1deb24b-3d8f-4251-a901-85eeb891f26f.jpg?1643587192,"Transform,Enchant,Double strike,Disturb",Tuan Duong Chu,uncommon,0.10,0.21,,0.17,0.24,,"englishCards",false,"sunmoondfc","W","Creature — Spirit Warrior // Enchantment — Aura",nm,,"undefined"
vow,Innistrad: Crimson Vow,en,303,"Blood Petal Celebrant",1,false,11551,https://cards.scryfall.io/normal/front/4/5/4592609d-48f5-4762-b95c-b2eaa2ea4d51.jpg?1645055061,"",Sami Makkonen,common,0.02,0.07,,0.07,0.13,,"englishCards",false,"showcase","R","Creature — Vampire",nm,Сибаритка Кровавых Лепестков,"boosterfun"
vow,Innistrad: Crimson Vow,en,313,"Markov Waltzer",1,false,17076,https://cards.scryfall.io/normal/front/b/d/bd545edd-699a-4ee9-8d8e-1e875cf4f2af.jpg?1645055293,"Flying,Haste",Jason A. Engle,uncommon,0.03,0.07,,0.07,0.17,,"englishCards",false,"showcase","R,W","Creature — Vampire",nm,Танцор из Рода Марковых,"boosterfun"
vow,Innistrad: Crimson Vow,en,165,"Kessig Wolfrider",1,false,16054,https://cards.scryfall.io/normal/front/1/8/180b1a4f-c071-4742-9c57-9d775be0ed4f.jpg?1643591556,"Menace",Bram Sels,rare,0.10,0.17,,0.17,0.15,,"englishCards",false,"","R","Creature — Human Knight",nm,Кессигская Наездница на Волке,"undefined"
vow,Innistrad: Crimson Vow,en,116,"Grisly Ritual",1,true,14916,https://cards.scryfall.io/normal/front/5/3/53cdf2ab-3acd-49bd-8273-84c1cfc92883.jpg?1643589817,"",Anastasia Ovchinnikova,common,0.04,0.03,,0.05,0.04,,"englishCards",false,"","B","Sorcery",nm,Жуткий Ритуал,"undefined"
vow,Innistrad: Crimson Vow,en,174,"Reckless Impulse",1,false,1730,https://cards.scryfall.io/normal/front/6/9/6943c07f-ab0d-4f5a-bbe9-c0a83dc98546.jpg?1643591880,"",Mathias Kollros,common,1.41,1.65,,1.84,3.08,,"englishCards",false,"","R","Sorcery",nm,Безрассудный Порыв,"undefined"
vow,Innistrad: Crimson Vow,en,142,"Ancestral Anger",1,false,3942,https://cards.scryfall.io/normal/front/5/d/5dee47ab-d603-4346-97f4-a25dc3f47765.jpg?1643590713,"",Randy Vargas,common,0.22,0.29,,0.20,0.30,,"englishCards",false,"","R","Sorcery",nm,Гнев Предков,"undefined"
vow,Innistrad: Crimson Vow,en,147,"Bloody Betrayal",1,false,6651,https://cards.scryfall.io/normal/front/8/9/8970a5d6-dcab-415a-851b-20e228ef7d16.jpg?1643590892,"",Brian Valeza,common,0.06,0.25,,0.12,0.08,,"englishCards",false,"","R","Sorcery",nm,Кровавое Предательство,"undefined"
vow,Innistrad: Crimson Vow,en,254,"Ceremonial Knife",1,false,8982,https://cards.scryfall.io/normal/front/9/c/9ccb4b1e-ef8f-4c5f-8b5b-6148455442f7.jpg?1643594637,"Equip",Antonio José Manzanedo,common,0.04,0.12,,0.08,0.10,,"englishCards",false,"","","Artifact — Equipment",nm,Ритуальный Нож,"undefined"
vow,Innistrad: Crimson Vow,en,85,"Thirst for Discovery",1,false,2224,https://cards.scryfall.io/normal/front/1/e/1ea179e9-9c0d-46c1-9ee8-60be68e1f79c.jpg?1643588791,"",Dominik Mayer,uncommon,0.23,0.42,,0.14,0.50,,"englishCards",false,"","U","Instant",nm,Жажда Открытий,"undefined"
vow,Innistrad: Crimson Vow,en,163,"Into the Night",1,false,8362,https://cards.scryfall.io/normal/front/b/5/b5a96286-0dda-4761-a1c5-241288c36275.jpg?1643591501,"",Valera Lutfullina,uncommon,0.08,0.15,,0.14,0.17,,"englishCards",false,"","R","Sorcery",nm,В Ночь,"undefined"
vow,Innistrad: Crimson Vow,en,99,"Catapult Fodder // Catapult Captain",1,false,11956,https://cards.scryfall.io/normal/front/e/6/e61b3afa-66e0-4f7b-84bc-7ae2cc6d28d4.jpg?1643589293,"Transform",Jesper Ejsing,uncommon,0.06,0.13,,0.12,0.12,,"englishCards",false,"sunmoondfc","B","Creature — Zombie // Creature — Zombie",nm,,"undefined"
vow,Innistrad: Crimson Vow,en,156,"Falkenrath Celebrants",1,false,11108,https://cards.scryfall.io/normal/front/4/c/4c3c5778-4760-4a8c-8d8d-693e29a0a74b.jpg?1643591201,"Menace",Anna Steinbauer,common,0.02,0.06,,0.08,0.07,,"englishCards",false,"","R","Creature — Vampire",nm,Фалькенратские Сибаритки,"undefined"
clb,Commander Legends: Battle for Baldur's Gate,en,729,"Overcharged Amalgam",1,false,2304,https://cards.scryfall.io/normal/front/4/0/4065a3c0-c5bd-4817-be7b-efcd750332b9.jpg?1674141410,"Flying,Flash,Exploit",Mike Jordana,rare,0.27,,,0.34,,,"englishCards",false,"","U","Creature — Zombie Horror",nm,Перезаряженный Конгломерат,"undefined"
vow,Innistrad: Crimson Vow,en,289,"Bloodsworn Squire // Bloodsworn Knight",1,true,13424,https://cards.scryfall.io/normal/front/5/0/50ea34d6-e690-4087-baf0-0b7a88739760.jpg?1645054666,"Transform",Karl Kopinski,uncommon,0.04,0.12,,0.02,0.13,,"englishCards",false,"showcase,sunmoondfc","B","Creature — Vampire Soldier // Creature — Vampire Knight",nm,,"boosterfun"
vow,Innistrad: Crimson Vow,en,268,"Plains",1,false,,https://cards.scryfall.io/normal/front/d/e/deabdaa1-6227-48e4-82d5-63a1771320b2.jpg?1643595060,"",Daria Khlebnikova,common,0.24,1.09,,0.22,0.43,,"englishCards",false,"showcase,inverted","","Basic Land — Plains",nm,Равнина,"undefined"
vow,Innistrad: Crimson Vow,en,269,"Plains",2,false,,https://cards.scryfall.io/normal/front/2/b/2b069f97-735a-4d85-8504-b5a863bd659b.jpg?1643595086,"",Indra Nugroho,common,0.29,0.58,,0.19,0.37,,"englishCards",false,"showcase,inverted","","Basic Land — Plains",nm,Равнина,"undefined"
vow,Innistrad: Crimson Vow,en,269,"Plains",1,true,,https://cards.scryfall.io/normal/front/2/b/2b069f97-735a-4d85-8504-b5a863bd659b.jpg?1643595086,"",Indra Nugroho,common,0.29,0.58,,0.19,0.37,,"englishCards",false,"showcase,inverted","","Basic Land — Plains",nm,Равнина,"undefined"
vow,Innistrad: Crimson Vow,en,270,"Island",1,false,,https://cards.scryfall.io/normal/front/5/4/54ddd3aa-593c-4adb-b591-33c15d02131c.jpg?1643595123,"",Alayna Danner,common,0.27,0.97,,0.26,0.43,,"englishCards",false,"showcase,inverted","","Basic Land — Island",nm,Остров,"undefined"
vow,Innistrad: Crimson Vow,en,271,"Island",1,false,,https://cards.scryfall.io/normal/front/5/4/54591ec7-94a1-470c-927a-788b6a514444.jpg?1643595149,"",Rio Krisma,common,0.26,0.79,,0.22,0.42,,"englishCards",false,"showcase,inverted","","Basic Land — Island",nm,Остров,"undefined"
vow,Innistrad: Crimson Vow,en,273,"Swamp",1,true,,https://cards.scryfall.io/normal/front/2/e/2e55a405-bf5b-4158-ba9a-239627ac9701.jpg?1643595205,"",Kerby Rosanes,common,0.48,1.41,,0.34,0.67,,"englishCards",false,"showcase,inverted","","Basic Land — Swamp",nm,Болото,"undefined"
vow,Innistrad: Crimson Vow,en,275,"Mountain",1,false,,https://cards.scryfall.io/normal/front/a/6/a6f72e53-52bb-4cf4-9b8b-34ed0c5f7c3c.jpg?1643595263,"",Daria Khlebnikova,common,0.25,0.58,,0.21,0.47,,"englishCards",false,"showcase,inverted","","Basic Land — Mountain",nm,Гора,"undefined"
znr,Zendikar Rising,en,386,"Charix, the Raging Isle",1,true,3065,https://cards.scryfall.io/normal/front/6/e/6e23886b-8200-427d-99af-068a0133795d.jpg?1610071102,"",Kekai Kotaki,rare,,0.26,,,0.27,,"englishCards",false,"legendary","U","Legendary Creature — Leviathan Crab",nm,,"bundle"
znr,Zendikar Rising,en,269,"Island",1,false,,https://cards.scryfall.io/normal/front/7/7/77ea783b-adaa-47be-9918-ca2f161c5d9e.jpg?1681845944,"",Adam Paquette,common,0.12,0.29,,0.13,0.27,,"englishCards",false,"fullart","","Basic Land — Island",nm,Остров,"undefined"
znr,Zendikar Rising,en,88,"Zulaport Duelist",1,true,15499,https://cards.scryfall.io/normal/front/0/b/0b4c7268-60c6-4038-8ce9-d9d51bed4577.jpg?1604195154,"Flash,Mill",Bryan Sola,common,0.04,0.03,,0.04,0.15,,"englishCards",false,"","U","Creature — Human Rogue",nm,Дуэлянтка из Зулапорта,"undefined"
znr,Zendikar Rising,en,4,"Archon of Emeria",1,false,1035,https://cards.scryfall.io/normal/front/2/2/228c1650-da3c-4099-91b6-18e3873c9cdb.jpg?1604195419,"Flying",Ryan Pancoast,rare,3.72,3.45,,2.59,3.52,,"englishCards",false,"","W","Creature — Archon",nm,Архонт Эмерии,"undefined"
znr,Zendikar Rising,en,216,"Vastwood Fortification // Vastwood Thicket",1,false,4573,https://cards.scryfall.io/normal/front/3/a/3a7fd24e-84d8-405d-86e4-0571a9e23cc2.jpg?1604199835,"",Sidharth Chaturvedi,uncommon,0.15,0.33,,0.13,0.18,,"englishCards",false,"","G","Instant // Land",nm,Укрепление Широколесья // Чаща Широколесья,"undefined"
