set,set_name,lang,number,name,quantity,is_foil,edhrec_rank,image_url,keywords,artist,rarity,price_usd,price_usd_foil,price_usd_etched,price_eur,price_eur_foil,price_eur_etched,collection,is_list,frame,colors,types,condition,ru_name,promo_types
m21,Core Set 2021,ru,92,"Carrion Grub",1,false,8429,https://cards.scryfall.io/normal/front/3/1/31df3d95-bbdb-449d-9601-4fa844c3c640.jpg?1594736036,"Mill",Nicholas Gregory,uncommon,0.04,0.20,,0.05,0.15,,"treasury",false,"","B","Creature — Insect",nm,Личинка-Падальщик,"undefined"
m21,Core Set 2021,ru,2,"Alpine Watchdog",1,false,10011,https://cards.scryfall.io/normal/front/c/3/c392a7e5-6ff5-4c2f-9590-f8811a724f44.jpg?1594734679,"Vigilance",Forrest Imel,common,0.14,0.37,,0.10,0.32,,"treasury",false,"","W","Creature — Dog",nm,Горный Сторожевой Пес,"undefined"
m21,Core Set 2021,ru,30,"Rambunctious Mutt",2,false,9322,https://cards.scryfall.io/normal/front/3/f/3f602ecc-c264-4f3e-adeb-d0186668653e.jpg?1599435086,"",Campbell White,common,0.08,0.24,,0.04,0.15,,"treasury",false,"","W","Creature — Dog",nm,Шкодливая Псина,"undefined"
m21,Core Set 2021,ru,18,"Falconer Adept",2,false,14579,https://cards.scryfall.io/normal/front/f/b/fb4733e6-6fe2-4460-ac9f-82feb583d790.jpg?1594734928,"",Billy Christian,uncommon,0.03,0.31,,0.04,0.18,,"treasury",false,"","W","Creature — Human Soldier",nm,Опытная Сокольничья,"undefined"
m21,Core Set 2021,ru,123,"Skeleton Archer",1,false,17704,https://cards.scryfall.io/normal/front/f/c/fcb8d414-7f80-4a61-a0f2-0f16bf53e1b9.jpg?1594736387,"",Randy Vargas,common,0.04,0.08,,0.02,0.11,,"treasury",false,"","B","Creature — Skeleton Archer",nm,Скелет-Лучник,"undefined"
m21,Core Set 2021,ru,99,"Finishing Blow",2,false,17099,https://cards.scryfall.io/normal/front/2/b/2b85a552-2119-4d9c-b7c1-c09c2d9f2f38.jpg?1594736130,"",Wylie Beckert,common,0.04,0.09,,0.04,0.04,,"treasury",false,"","B","Instant",nm,Добивающий Удар,"undefined"
m21,Core Set 2021,ru,40,"Swift Response",1,false,11985,https://cards.scryfall.io/normal/front/a/9/a90c1ad0-83bd-471c-8d4c-e65bc2abaa18.jpg?1594735305,"",Deruchenko Alexander,common,0.02,0.20,,0.04,0.10,,"treasury",false,"","W","Instant",nm,Стремительный Ответ,"undefined"
m21,Core Set 2021,ru,102,"Grasp of Darkness",1,false,8376,https://cards.scryfall.io/normal/front/7/7/7737b578-8ae3-4846-b508-93ef40f25244.jpg?1594736166,"",Daarken,common,0.05,0.30,,0.09,0.27,,"treasury",false,"","B","Instant",nm,Хватка Тьмы,"undefined"
m21,Core Set 2021,ru,8,"Basri's Acolyte",1,false,11090,https://cards.scryfall.io/normal/front/0/8/08d1dd97-2675-4953-ab95-d47d23abfe05.jpg?1594734783,"Lifelink",Leesha Hannigan,common,0.02,0.13,,0.06,0.18,,"treasury",false,"","W","Creature — Cat Cleric",nm,Послушница Базри,"undefined"
m21,Core Set 2021,ru,42,"Valorous Steed",2,false,15377,https://cards.scryfall.io/normal/front/a/a/aa01cb8c-f080-456b-a91a-f1d7943a70b2.jpg?1594735346,"Vigilance",Donato Giancola,common,0.03,0.13,,0.09,0.15,,"treasury",false,"","W","Creature — Unicorn",nm,Доблестный Скакун,"undefined"
m21,Core Set 2021,ru,100,"Gloom Sower",1,false,15644,https://cards.scryfall.io/normal/front/a/1/a1b4f7ec-ea2e-4d90-98cd-0c92bd9f64c1.jpg?1594736141,"",Chris Cold,common,0.02,0.07,,0.07,0.13,,"treasury",false,"","B","Creature — Horror",nm,Сеятель Мрака,"undefined"
m21,Core Set 2021,ru,14,"Daybreak Charger",2,false,16365,https://cards.scryfall.io/normal/front/f/f/ff87a671-054f-4357-8a62-450d36559a1b.jpg?1594734866,"",Forrest Imel,common,0.03,0.22,,0.17,0.15,,"treasury",false,"","W","Creature — Unicorn",nm,Рысак Рассвета,"undefined"
m21,Core Set 2021,ru,39,"Staunch Shieldmate",1,false,20178,https://cards.scryfall.io/normal/front/d/b/db17f25a-32d1-469b-bb5f-f1761e227990.jpg?1594735287,"",Bartłomiej Gaweł,common,0.03,0.18,,0.06,0.07,,"treasury",false,"","W","Creature — Dwarf Soldier",nm,Непоколебимый Щитоносец,"undefined"
m21,Core Set 2021,ru,90,"Blood Glutton",3,false,18392,https://cards.scryfall.io/normal/front/2/8/28ff52a2-4223-4551-b388-b4dd21cc1437.jpg?1594736007,"Lifelink",Anna Podedworna,common,0.05,0.23,,0.02,0.12,,"treasury",false,"","B","Creature — Vampire",nm,Кровавый Обжора,"undefined"
m21,Core Set 2021,ru,93,"Crypt Lurker",1,false,17325,https://cards.scryfall.io/normal/front/c/0/c0bba170-5176-4fab-a10d-e23d70128875.jpg?1594736052,"",Svetlin Velinov,common,0.03,,,0.02,0.10,,"treasury",false,"","B","Creature — Horror",nm,Хищник из Склепа,"undefined"
m21,Core Set 2021,ru,96,"Duress",1,false,2879,https://cards.scryfall.io/normal/front/4/9/49c07ea0-27ff-46fb-a41f-3e378c977b5d.jpg?1594736092,"",Steven Belledin,common,0.04,0.12,,0.07,0.25,,"treasury",false,"","B","Sorcery",nm,Насилие,"undefined"
m21,Core Set 2021,ru,115,"Mind Rot",1,false,10388,https://cards.scryfall.io/normal/front/8/3/833a8604-92d5-443b-9bc0-bd91c973ef07.jpg?1594736305,"",Seb McKinnon,common,0.04,0.30,,0.04,0.10,,"treasury",false,"","B","Sorcery",nm,Гниение Разума,"undefined"
m21,Core Set 2021,ru,31,"Revitalize",1,false,3732,https://cards.scryfall.io/normal/front/a/3/a3bd4bce-8ab0-40b9-aad7-7d57a011bb0b.jpg?1594735141,"",Matt Stewart,common,0.03,0.23,,0.17,0.21,,"treasury",false,"","W","Instant",nm,Восстановление Сил,"undefined"
m21,Core Set 2021,ru,87,"Alchemist's Gift",1,false,11393,https://cards.scryfall.io/normal/front/6/e/6e4c9574-1ee3-461e-848f-8f02c6a8b7ee.jpg?1594735950,"",Cristi Balanescu,common,0.07,0.21,,0.07,0.23,,"treasury",false,"","B","Instant",nm,Дар Алхимика,"undefined"
m21,Core Set 2021,ru,134,"Burn Bright",1,false,12650,https://cards.scryfall.io/normal/front/f/1/f19b4a80-41e1-4c5f-869a-682f08543f12.jpg?1594736518,"",Scott Murphy,common,0.02,0.10,,0.06,0.08,,"treasury",false,"","R","Instant",nm,Яркий Огонь,"undefined"
m21,Core Set 2021,ru,72,"Spined Megalodon",1,false,16187,https://cards.scryfall.io/normal/front/6/d/6d42d3dd-29df-44a1-89b8-994761eda77d.jpg?1594735773,"Hexproof,Scry",Daniel Ljunggren,common,0.04,0.18,,0.08,0.15,,"treasury",false,"","U","Creature — Shark",nm,Шипастый Мегалодон,"undefined"
m21,Core Set 2021,ru,81,"Tome Anima",1,false,21289,https://cards.scryfall.io/normal/front/0/3/0360d27b-37e1-4e00-9cfc-b574efc38ea0.jpg?1594735874,"",Johannes Voss,common,0.02,0.07,,0.03,0.10,,"treasury",false,"","U","Creature — Spirit",nm,Анима Фолиантов,"undefined"
m21,Core Set 2021,ru,163,"Sure Strike",1,false,10241,https://cards.scryfall.io/normal/front/0/6/064a6f1c-a058-4cc8-b467-5dbecb5eeb99.jpg?1594736800,"",Jakub Kasper,common,0.01,0.12,,0.03,0.03,,"treasury",false,"","R","Instant",nm,Верный Удар,"undefined"
m21,Core Set 2021,ru,128,"Walking Corpse",1,false,19741,https://cards.scryfall.io/normal/front/0/5/053b59b4-a22c-4228-aadc-ae9da6bb465e.jpg?1594736452,"",Igor Kieryluk,common,0.02,0.30,,0.03,0.04,,"treasury",false,"","B","Creature — Zombie",nm,Ходячий Труп,"undefined"
m21,Core Set 2021,ru,25,"Light of Promise",1,false,3284,https://cards.scryfall.io/normal/front/d/5/d5f80411-0a95-4e0a-b7a8-af23ddf385cc.jpg?1594735041,"Enchant",Cristi Balanescu,uncommon,0.33,1.04,,0.15,0.43,,"treasury",false,"","W","Enchantment — Aura",nm,Свет Обещания,"undefined"
m21,Core Set 2021,ru,44,"Warded Battlements",1,false,17032,https://cards.scryfall.io/normal/front/f/2/f234999b-54e9-40f5-a537-7d6ce169c710.jpg?1594735384,"Defender",Titus Lunter,common,0.03,0.14,,0.11,0.17,,"treasury",false,"","W","Creature — Wall",nm,Бастион Оберегов,"undefined"
m21,Core Set 2021,ru,24,"Legion's Judgment",1,false,17077,https://cards.scryfall.io/normal/front/0/3/032f6c5a-8d88-4a55-a54b-28df42d801e1.jpg?1594735024,"",Lucas Graciano,common,0.02,0.08,,0.02,0.07,,"treasury",false,"","W","Sorcery",nm,Правосудие Легиона,"undefined"
m21,Core Set 2021,ru,91,"Caged Zombie",1,false,18243,https://cards.scryfall.io/normal/front/f/8/f8067745-35b6-4abd-9ae9-712159a26c89.jpg?1594736024,"",Josh Hass,common,0.03,0.16,,0.04,0.08,,"treasury",false,"","B","Creature — Zombie",nm,Заключенный Мертвяк,"undefined"
m21,Core Set 2021,ru,11,"Celestial Enforcer",1,false,22709,https://cards.scryfall.io/normal/front/4/6/46666fba-d4a7-4687-8747-a42e4c6d853e.jpg?1594734826,"",Bastien L. Deharme,common,0.02,0.13,,0.02,0.06,,"treasury",false,"","W","Creature — Human Cleric",nm,Небесная Принудительница,"undefined"
m21,Core Set 2021,ru,16,"Dub",1,false,13775,https://cards.scryfall.io/normal/front/c/3/c3de35fd-425d-46b8-bc7d-c2f05d86858d.jpg?1594734896,"Enchant",Bastien L. Deharme,common,0.02,0.10,,0.03,0.09,,"treasury",false,"","W","Enchantment — Aura",nm,Посвящение,"undefined"
stx,Strixhaven: School of Mages,en,3,"Introduction to Annihilation",1,false,4145,https://cards.scryfall.io/normal/front/b/0/b0bc4682-bcaf-4f51-be0b-9f2851a16e3b.jpg?1637082326,"",Nicholas Gregory,common,0.11,0.23,,0.12,0.24,,"treasury",false,"lesson","","Sorcery — Lesson",nm,Введение в Изничтожение,"undefined"
stx,Strixhaven: School of Mages,en,4,"Introduction to Prophecy",1,false,5782,https://cards.scryfall.io/normal/front/7/8/7820923e-bad2-4d6a-92b3-97b9737d2ca9.jpg?1637082328,"Scry",Micah Epstein,common,0.08,0.15,,0.13,0.21,,"treasury",false,"lesson","","Sorcery — Lesson",nm,Введение в Пророчества,"undefined"
stx,Strixhaven: School of Mages,en,256,"Letter of Acceptance",1,false,5992,https://cards.scryfall.io/normal/front/3/4/34750231-34aa-401c-b192-47b56588923a.jpg?1624740664,"",Daniel Ljunggren,common,0.04,0.12,,0.11,0.07,,"treasury",false,"","","Artifact",nm,Письмо о Поступлении,"undefined"
stx,Strixhaven: School of Mages,en,258,"Spell Satchel",1,false,10069,https://cards.scryfall.io/normal/front/7/d/7de826a0-6e68-4d40-a51c-8d6e7a4148d1.jpg?1624740711,"Magecraft",YW Tang,uncommon,0.05,0.11,,0.09,0.16,,"treasury",false,"","","Artifact",nm,Сума Заклинаний,"undefined"
stx,Strixhaven: School of Mages,en,255,"Excavated Wall",2,false,11233,https://cards.scryfall.io/normal/front/f/e/fed54d00-b11f-4529-864c-63a114617b36.jpg?1624740639,"Mill,Defender",Zezhou Chen,common,0.02,0.06,,0.05,0.16,,"treasury",false,"","","Artifact Creature — Wall",nm,Раскопанная Стена,"undefined"
stx,Strixhaven: School of Mages,en,210,"Owlin Shieldmage",1,false,21392,https://cards.scryfall.io/normal/front/d/3/d3350367-42bd-44af-be13-ad31c002f8ac.jpg?1627429830,"Flying,Ward",Raoul Vitale,common,0.02,0.02,,0.09,0.06,,"treasury",false,"","B,W","Creature — Bird Warlock",nm,Совлин Маг Щита,"undefined"
stx,Strixhaven: School of Mages,en,8,"Ageless Guardian",3,false,19479,https://cards.scryfall.io/normal/front/4/a/4a5ff6af-402f-4bf6-a75b-dc1e0e40aff6.jpg?1624589202,"",Nicholas Gregory,common,0.02,0.02,,0.06,0.06,,"treasury",false,"","W","Creature — Spirit Soldier",nm,Нестареющий Часовой,"undefined"
stx,Strixhaven: School of Mages,en,9,"Beaming Defiance",1,false,10213,https://cards.scryfall.io/normal/front/7/e/7e22411c-11c1-4770-8491-7952dd406e01.jpg?1624589223,"",Manuel Castañón,common,0.02,0.03,,0.10,0.12,,"treasury",false,"","W","Instant",nm,Вопиющая Непокорность,"undefined"
stx,Strixhaven: School of Mages,en,12,"Defend the Campus",1,false,17805,https://cards.scryfall.io/normal/front/8/5/85e4e1b5-77d6-4af4-b22e-6f6b4d129f5d.jpg?1624589309,"",Izzy,common,0.02,0.01,,0.02,0.11,,"treasury",false,"","W","Instant",nm,Оборона Кампуса,"undefined"
stx,Strixhaven: School of Mages,en,18,"Expel",2,false,12181,https://cards.scryfall.io/normal/front/b/e/be517a58-b7ee-4213-98a5-8c19e1b2def6.jpg?1624589466,"",Billy Christian,common,0.03,0.07,,0.09,0.14,,"treasury",false,"","W","Instant",nm,Отчислить,"undefined"
stx,Strixhaven: School of Mages,en,19,"Guiding Voice",1,false,17433,https://cards.scryfall.io/normal/front/d/6/d6fb3163-12ca-4a7f-a0c7-b8ddfc9408a0.jpg?1624589500,"Learn",Steve Argyle,common,0.03,0.03,,0.07,0.10,,"treasury",false,"","W","Sorcery",nm,Направляющий Голос,"undefined"
stx,Strixhaven: School of Mages,en,35,"Thunderous Orator",1,false,14360,https://cards.scryfall.io/normal/front/e/f/ef3b2961-559f-42b1-be13-ff3d03e62809.jpg?1624589914,"Vigilance",Brian Valeza,uncommon,0.04,0.15,,0.03,0.12,,"treasury",false,"","W","Creature — Kor Wizard",nm,Громогласный Оратор,"undefined"
stx,Strixhaven: School of Mages,en,13,"Detention Vortex",1,false,15443,https://cards.scryfall.io/normal/front/5/4/54ebe581-be17-415a-a160-28d8f4e95636.jpg?1624589334,"Enchant",Campbell White,uncommon,0.01,0.10,,0.12,0.13,,"treasury",false,"","W","Enchantment — Aura",nm,Вихрь Задержания,"undefined"
stx,Strixhaven: School of Mages,en,198,"Lorehold Apprentice",2,false,14033,https://cards.scryfall.io/normal/front/0/4/048157c6-4626-4881-ba19-deddd13622dc.jpg?1627429424,"Magecraft",Manuel Castañón,uncommon,0.03,0.10,,0.08,0.15,,"treasury",false,"","R,W","Creature — Human Cleric",nm,Ученица с Лорхолда,"undefined"
stx,Strixhaven: School of Mages,en,236,"Spirit Summoning",2,false,20129,https://cards.scryfall.io/normal/front/7/4/74be6236-4095-419c-9927-fbd874df21f8.jpg?1637082381,"",Andrey Kuzinskiy,common,0.02,0.04,,0.05,0.13,,"treasury",false,"lesson","R,W","Sorcery — Lesson",nm,Призыв Духа,"undefined"
stx,Strixhaven: School of Mages,en,223,"Relic Sloth",2,false,22155,https://cards.scryfall.io/normal/front/c/1/c1cb483f-c567-4cfd-9fe8-1503e7b40542.jpg?1624739702,"Vigilance,Menace",Ilse Gort,common,0.03,0.02,,0.06,0.05,,"treasury",false,"","R,W","Creature — Beast",nm,Реликтовый Ленивец,"undefined"
stx,Strixhaven: School of Mages,en,201,"Lorehold Pledgemage",1,false,20664,https://cards.scryfall.io/normal/front/7/9/79b88b38-6b5a-4a89-80ca-add79c11e8b9.jpg?1627429506,"First strike,Magecraft",Jake Murray,common,0.03,0.02,,0.07,0.11,,"treasury",false,"","R,W","Creature — Kor Shaman",nm,Маг Клятвы с Лорхолда,"undefined"
stx,Strixhaven: School of Mages,en,117,"Tome Shredder",1,false,19575,https://cards.scryfall.io/normal/front/a/7/a7cc9ea8-db4e-4f41-800f-fb0dbcb2c345.jpg?1624592265,"Haste",Sam Rowan,common,0.03,0.10,,0.03,0.07,,"treasury",false,"","R","Creature — Wolf",nm,Истребитель Фолиантов,"undefined"
stx,Strixhaven: School of Mages,en,118,"Twinscroll Shaman",2,false,16491,https://cards.scryfall.io/normal/front/8/7/87193af5-4b6b-48d0-9b75-8171bb1d6e53.jpg?1624592290,"Double strike",Chris Seaman,common,0.02,0.04,,0.05,0.08,,"treasury",false,"","R","Creature — Dwarf Shaman",nm,Шаман Двоесвитков,"undefined"
stx,Strixhaven: School of Mages,en,103,"Fuming Effigy",3,false,13106,https://cards.scryfall.io/normal/front/7/c/7ce76a38-fc5f-4e29-ba24-4a877179a62c.jpg?1624591876,"",Ryan Alexander Lee,common,0.06,0.03,,0.08,0.07,,"treasury",false,"","R","Creature — Spirit",nm,Дымящаяся Фигура,"undefined"
stx,Strixhaven: School of Mages,en,105,"Hall Monitor",1,false,16083,https://cards.scryfall.io/normal/front/0/2/02fdc551-0b22-49f4-8765-143ad82f16a3.jpg?1624591927,"Haste",Forrest Imel,uncommon,0.03,0.13,,0.07,0.15,,"treasury",false,"","R","Creature — Lizard Shaman",nm,Зальный Смотритель,"undefined"
stx,Strixhaven: School of Mages,en,111,"Pigment Storm",1,false,18767,https://cards.scryfall.io/normal/front/d/2/d285a7a1-bb7e-4a78-a49f-c2add62b829a.jpg?1624592111,"",Bayard Wu,common,0.02,0.01,,0.02,0.12,,"treasury",false,"","R","Sorcery",nm,Буря Красок,"undefined"
stx,Strixhaven: School of Mages,en,235,"Spectacle Mage",1,false,13860,https://cards.scryfall.io/normal/front/f/7/f74223e1-b66b-42fa-aaac-001f5dab2aac.jpg?1624740097,"Flying",Caroline Gariba,common,0.02,0.08,,0.03,0.06,,"treasury",false,"","R,U","Creature — Bird Shaman",nm,Волшебница Зрелищ,"undefined"
stx,Strixhaven: School of Mages,en,209,"Oggyar Battle-Seer",2,false,22345,https://cards.scryfall.io/normal/front/a/3/a38329f1-af6e-47b8-86e4-f2a39e1edbf8.jpg?1627429796,"Haste,Scry",Karl Kopinski,common,0.02,0.03,,0.04,0.08,,"treasury",false,"","R,U","Creature — Ogre Shaman",nm,Оггиярский Боевой Провидец,"undefined"
stx,Strixhaven: School of Mages,en,183,"Elemental Summoning",1,false,19845,https://cards.scryfall.io/normal/front/e/a/ea51991c-1589-4c62-965b-5ae8d233520b.jpg?1637082123,"",Marta Nael,common,0.02,0.03,,0.10,0.19,,"treasury",false,"lesson","R,U","Sorcery — Lesson",nm,Призыв Элементаля,"undefined"
stx,Strixhaven: School of Mages,en,182,"Elemental Masterpiece",2,false,12164,https://cards.scryfall.io/normal/front/4/3/4331a7a6-e98e-4517-b0f9-ace379426a94.jpg?1627428735,"Treasure",Marta Nael,common,0.03,0.11,,0.08,0.11,,"treasury",false,"","R,U","Sorcery",nm,Стихийный Шедевр,"undefined"
stx,Strixhaven: School of Mages,en,215,"Prismari Pledgemage",2,false,19555,https://cards.scryfall.io/normal/front/4/0/404b4c7b-5d40-4ad1-bd40-3da1d08f5c78.jpg?1627429991,"Magecraft,Defender",Marta Nael,common,0.04,0.19,,0.03,0.18,,"treasury",false,"","R,U","Creature — Orc Wizard",nm,Маг Клятвы с Призмари,"undefined"
stx,Strixhaven: School of Mages,en,241,"Teach by Example",1,false,6086,https://cards.scryfall.io/normal/front/a/a/aa7fbb9b-50a8-4d18-a667-fe965468ca16.jpg?1624740261,"",Johan Grenier,common,0.05,0.19,,0.06,0.18,,"treasury",false,"","R,U","Instant",nm,Преподавание на Примере,"undefined"
stx,Strixhaven: School of Mages,en,38,"Burrog Befuddler",1,false,11791,https://cards.scryfall.io/normal/front/6/0/6040c573-cd8c-4593-8ade-d9922482035c.jpg?1624589994,"Flash",Zoltan Boros,common,0.02,0.03,,0.09,0.22,,"treasury",false,"","U","Creature — Frog Wizard",nm,Буррог-Обманщик,"undefined"
stx,Strixhaven: School of Mages,en,56,"Symmetry Sage",1,false,18973,https://cards.scryfall.io/normal/front/3/e/3e726fc7-36cf-405c-9b7c-d1e41cd6c68f.jpg?1624590486,"Flying,Magecraft",Jehan Choo,uncommon,0.04,0.11,,0.02,0.14,,"treasury",false,"","U","Creature — Human Wizard",nm,Ведунья Симметрии,"undefined"
stx,Strixhaven: School of Mages,en,55,"Soothsayer Adept",1,false,18570,https://cards.scryfall.io/normal/front/e/b/eb93c9d2-88eb-403d-bb67-8e8b0462ac27.jpg?1624590458,"",Cristi Balanescu,common,0.01,0.03,,0.02,0.07,,"treasury",false,"","U","Creature — Merfolk Wizard",nm,Адепт-Предсказатель,"undefined"
stx,Strixhaven: School of Mages,en,40,"Curate",1,false,4944,https://cards.scryfall.io/normal/front/f/2/f2a0e716-22b7-4a5e-9b7a-d4a806ee7427.jpg?1665819389,"Surveil",Izzy,common,0.06,0.15,,0.12,0.14,,"treasury",false,"","U","Instant",nm,Курирование,"undefined"
stx,Strixhaven: School of Mages,en,61,"Waterfall Aerialist",1,false,21371,https://cards.scryfall.io/normal/front/7/b/7bc6966c-18d9-4675-9594-6f0b2d11c405.jpg?1624590650,"Flying,Ward",Lie Setiawan,common,0.02,0.01,,0.02,0.10,,"treasury",false,"","U","Creature — Djinn Wizard",nm,Воздушный Гимнаст Водопада,"undefined"
war,War of the Spark,ru,108,"Toll of the Invasion",1,false,15157,https://cards.scryfall.io/normal/front/4/4/4471c2a5-aa2c-47e2-8238-1eb366c8adc9.jpg?1557576575,"Amass",Joe Slucher,common,0.05,0.15,,0.07,0.23,,"treasury",false,"","B","Sorcery",nm,Расплата за Вторжение,"undefined"
stx,Strixhaven: School of Mages,ru,226,"Rise of Extus",1,false,22306,https://cards.scryfall.io/normal/front/b/b/bbf97a71-485e-4d47-98de-bdf6f6dae0c2.jpg?1624739773,"Learn",Wylie Beckert,common,0.01,0.04,,0.07,0.10,,"treasury",false,"","B,W","Sorcery",nm,Восхождение Экстуса,"undefined"
xln,Ixalan,ru,233,"Cobbled Wings",1,false,11245,https://cards.scryfall.io/normal/front/3/b/3b2ff4f0-0dd1-4551-826b-68e8ff1e5860.jpg?1562553698,"Equip",Kev Walker,common,0.05,0.21,,0.03,0.15,,"treasury",false,"","","Artifact — Equipment",nm,Крылья из Клочков,"undefined"
ogw,Oath of the Gatewatch,ru,80,"Unnatural Endurance",1,false,14457,https://cards.scryfall.io/normal/front/a/c/ac497133-a44a-4acc-ba7e-8fc1fae7e226.jpg?1562929741,"Devoid",Mathias Kollros,common,0.04,0.28,,0.12,0.29,,"treasury",false,"devoid","","Instant",nm,Неестественная Выносливость,"undefined"
nph,New Phyrexia,ru,72,"Reaper of Sheoldred",1,false,7287,https://cards.scryfall.io/normal/front/a/3/a300a645-aec6-4cda-8c11-1e8a6af056ff.jpg?1562880361,"Infect",Stephan Martiniere,uncommon,0.31,14.72,,0.66,3.94,,"treasury",false,"","B","Creature — Phyrexian Horror",nm,Жнец Шеолдред,"undefined"
war,War of the Spark,ru,93,"Herald of the Dreadhorde",1,false,13826,https://cards.scryfall.io/normal/front/d/7/d7ae9cb7-a3af-4224-89a5-a72f4d09dacf.jpg?1557576484,"Amass",Heonhwa Choe,common,0.04,0.52,,0.07,0.19,,"treasury",false,"","B","Creature — Zombie Warrior",nm,Предвестник Орды Ужаса,"undefined"
m10,Magic 2010,ru,117,"Vampire Aristocrat",1,false,16142,https://cards.scryfall.io/normal/front/9/b/9bac0b9c-0077-44c8-8982-4e7b7e7ad398.jpg?1561989765,"",Austin Hsu,common,0.05,0.25,,0.09,0.28,,"treasury",false,"","B","Creature — Vampire Rogue Noble",nm,Вампир-Аристократ,"undefined"
ths,Theros,ru,28,"Scholar of Athreos",1,false,17010,https://cards.scryfall.io/normal/front/9/5/95a36e06-39f3-47d0-b6a9-43728afceb4a.jpg?1562821652,"",Cynthia Sheppard,common,0.08,0.27,,0.10,0.12,,"treasury",false,"","W","Creature — Human Cleric",nm,Исследовательница Атрея,"undefined"
eld,Throne of Eldraine,ru,30,"Silverflame Ritual",1,false,14843,https://cards.scryfall.io/normal/front/c/a/cad7efd1-5f53-4466-9a02-c474c265298a.jpg?1572489779,"Adamant",Jason Felix,common,0.04,0.12,,0.10,0.13,,"treasury",false,"","W","Sorcery",nm,Ритуал Серебряного Пламени,"undefined"
stx,Strixhaven: School of Mages,ru,30,"Star Pupil",1,false,11861,https://cards.scryfall.io/normal/front/9/9/99e9318f-2e17-4b6e-895f-c17cd5d0d282.jpg?1624589792,"",Howard Lyon,common,0.02,0.25,,0.12,0.12,,"treasury",false,"","W","Creature — Human Wizard",nm,Звездный Ученик,"undefined"
eld,Throne of Eldraine,ru,37,"Youthful Knight",1,false,17538,https://cards.scryfall.io/normal/front/3/d/3d1a3fec-39de-4223-9da2-22749a58cd62.jpg?1572489827,"First strike",Heonhwa Choe,common,0.03,0.12,,0.02,0.08,,"treasury",false,"","W","Creature — Human Knight",nm,Юный Рыцарь,"undefined"
mh1,Modern Horizons,ru,27,"Settle Beyond Reality",1,false,10360,https://cards.scryfall.io/normal/front/7/2/72ed8e57-61bb-4e89-9484-ff2be800a449.jpg?1562201215,"",Anthony Palumbo,common,0.03,0.37,,0.08,0.22,,"treasury",false,"","W","Sorcery",nm,Внереальное Решение,"undefined"
war,War of the Spark,ru,103,"Shriekdiver",1,false,20122,https://cards.scryfall.io/normal/front/0/a/0a1c3148-7a6f-4963-af0b-18d9a156bf22.jpg?1557576544,"Flying",Piotr Dura,common,0.02,0.35,,0.02,0.15,,"treasury",false,"","B","Creature — Zombie Bird Warrior",nm,Верещащий Налетчик,"undefined"
mh2,Modern Horizons 2,ru,33,"Soul of Migration",1,false,16338,https://cards.scryfall.io/normal/front/4/5/4541217f-5e86-491b-918b-ed7a2eb3e4eb.jpg?1626094130,"Flying,Evoke",Kev Walker,common,0.03,0.03,,0.10,0.10,,"treasury",false,"","W","Creature — Elemental",nm,Душа Миграции,"undefined"
xln,Ixalan,ru,101,"Desperate Castaways",1,false,22168,https://cards.scryfall.io/normal/front/9/8/98a92dde-7a84-40fb-a11e-54c7d3057126.jpg?1562560554,"",Zoltan Boros,common,0.02,0.12,,0.05,0.08,,"treasury",false,"","B","Creature — Human Pirate",nm,Отчаянные Изгои,"undefined"
thb,Theros Beyond Death,ru,17,"Glory Bearers",1,false,19809,https://cards.scryfall.io/normal/front/8/a/8a70e1be-f04a-43c1-8fca-205a24e3db38.jpg?1603430446,"",Tyler Walpole,common,0.02,0.06,,0.02,0.18,,"treasury",false,"nyxtouched","W","Enchantment Creature — Human Cleric",nm,Несущие Славу,"undefined"
ths,Theros,ru,24,"Observant Alseid",1,false,16566,https://cards.scryfall.io/normal/front/e/1/e1410d10-476a-4ed2-ae44-75383ed0e359.jpg?1562834593,"Vigilance,Bestow",Todd Lockwood,common,0.10,0.23,,0.12,0.24,,"treasury",false,"nyxtouched","W","Enchantment Creature — Nymph",nm,Альсеида-Наблюдательница,"undefined"
jou,Journey into Nyx,ru,4,"Armament of Nyx",1,false,18085,https://cards.scryfall.io/normal/front/4/2/4203df15-dd44-496b-889a-d7a8fe320330.jpg?1593095185,"Enchant",Slawomir Maniak,common,0.03,0.23,,0.07,0.20,,"treasury",false,"","W","Enchantment — Aura",nm,Вооружение Никса,"undefined"
mid,Innistrad: Midnight Hunt,ru,14,"Clarion Cathars",1,false,15946,https://cards.scryfall.io/normal/front/8/9/89f8ea28-7de1-4908-8e2d-b1aeff651015.jpg?1634346745,"",Leanna Crossan,common,0.02,0.02,,0.04,0.03,,"treasury",false,"","W","Creature — Human Knight",nm,Трубящие Катары,"undefined"
bng,Born of the Gods,ru,78,"Nyxborn Eidolon",1,false,21029,https://cards.scryfall.io/normal/front/7/6/76f79804-cd90-472b-9d09-3c71e4c6be22.jpg?1593092056,"Bestow",Nils Hamm,common,0.04,0.23,,0.02,0.19,,"treasury",false,"nyxtouched","B","Enchantment Creature — Spirit",nm,Эйдолон из Никса,"undefined"
afr,Adventures in the Forgotten Realms,ru,14,"Dwarfhold Champion",1,false,17024,https://cards.scryfall.io/normal/front/2/4/2404a028-05f5-469b-80e0-e820721ff266.jpg?1627701668,"",Miguel Mercado,common,0.01,0.03,,0.06,0.24,,"treasury",false,"","W","Creature — Dwarf Warrior",nm,Воительница Твердыни Дварфов,"undefined"
vow,Innistrad: Crimson Vow,ru,171,"Markov Retribution",1,false,15962,https://cards.scryfall.io/normal/front/4/8/48d3840c-db27-4512-bfe3-92249094e5b4.jpg?1643591797,"",Uriah Voth,uncommon,0.03,0.10,,0.10,0.14,,"treasury",false,"","R","Sorcery",nm,Воздаяние Маркова,"undefined"
vow,Innistrad: Crimson Vow,ru,173,"Pyre Spawn",2,false,19962,https://cards.scryfall.io/normal/front/8/0/80255777-de00-4ffa-a8a0-f522bf4198fb.jpg?1643591848,"",Nicholas Gregory,common,0.01,0.01,,0.03,0.04,,"treasury",false,"","R","Creature — Elemental",nm,Отродье Пожара,"undefined"
vow,Innistrad: Crimson Vow,ru,104,"Desperate Farmer // Depraved Harvester",1,false,15720,https://cards.scryfall.io/normal/front/4/6/467c566e-7f6a-40c9-8fd7-da6ae96df56c.jpg?1643589472,"Lifelink,Transform",Valera Lutfullina,common,0.02,0.08,,0.02,0.04,,"treasury",false,"sunmoondfc","B","Creature — Human Peasant // Creature — Human Knight",nm,,"undefined"
vow,Innistrad: Crimson Vow,ru,153,"Daybreak Combatants",2,false,20936,https://cards.scryfall.io/normal/front/8/6/8697a861-0f67-4ed3-bed8-f264fc78565e.jpg?1643591098,"Haste",Joshua Raphael,common,0.01,0.01,,0.07,0.02,,"treasury",false,"","R","Creature — Human Warrior",nm,Бойцы Рассвета,"undefined"
vow,Innistrad: Crimson Vow,ru,157,"Fearful Villager // Fearsome Werewolf",2,false,14088,https://cards.scryfall.io/normal/front/5/e/5eb3a08e-1d31-4ab9-854f-a86b060696ec.jpg?1643591259,"Daybound,Menace,Nightbound",Andrew Mar,common,0.02,0.03,,0.05,0.11,,"treasury",false,"sunmoondfc","R","Creature — Human Werewolf // Creature — Werewolf",nm,,"undefined"
vow,Innistrad: Crimson Vow,ru,94,"Bleed Dry",2,false,9323,https://cards.scryfall.io/normal/front/3/d/3db65755-f104-4de9-bcc9-0a4a7bc66b51.jpg?1643589104,"",Jodie Muir,common,0.02,0.07,,0.06,0.02,,"treasury",false,"","B","Instant",nm,Обескровить Досуха,"undefined"
vow,Innistrad: Crimson Vow,ru,127,"Ragged Recluse // Odious Witch",1,false,19176,https://cards.scryfall.io/normal/front/7/f/7fb728de-0d6e-4b32-b0c4-edd7382d1391.jpg?1643590202,"Transform",Lie Setiawan,common,0.02,0.02,,0.10,0.02,,"treasury",false,"sunmoondfc","B","Creature — Human Peasant // Creature — Human Warlock",nm,,"undefined"
vow,Innistrad: Crimson Vow,ru,144,"Belligerent Guest",1,false,9880,https://cards.scryfall.io/normal/front/1/b/1bb844c4-f41c-4411-a80a-c19e1d97b272.jpg?1643590789,"Trample",Darren Tan,common,0.02,0.05,,0.04,0.03,,"treasury",false,"","R","Creature — Vampire",nm,Воинственная Гостья,"undefined"
vow,Innistrad: Crimson Vow,ru,295,"Restless Bloodseeker // Bloodsoaked Reveler",1,false,9245,https://cards.scryfall.io/normal/front/c/0/c05a85ef-5ac0-4bd1-8ef1-de2ff84e448d.jpg?1645054849,"Transform",Christian Angel,uncommon,0.05,0.12,,0.04,0.18,,"treasury",false,"showcase,sunmoondfc","B","Creature — Vampire // Creature — Vampire",nm,,"boosterfun"
vow,Innistrad: Crimson Vow,ru,116,"Grisly Ritual",1,false,14908,https://cards.scryfall.io/normal/front/5/3/53cdf2ab-3acd-49bd-8273-84c1cfc92883.jpg?1643589817,"",Anastasia Ovchinnikova,common,0.04,0.03,,0.05,0.04,,"treasury",false,"","B","Sorcery",nm,Жуткий Ритуал,"undefined"
vow,Innistrad: Crimson Vow,ru,129,"Rot-Tide Gargantua",1,false,11040,https://cards.scryfall.io/normal/front/1/e/1eafefd0-3a9e-400e-8c75-0825aeb2ded1.jpg?1643590284,"Exploit",Filip Burburan,common,0.03,0.07,,0.08,0.05,,"treasury",false,"","B","Creature — Zombie Kraken",nm,Исполин Гнилостного Прилива,"undefined"
vow,Innistrad: Crimson Vow,ru,138,"Wedding Security",1,false,11547,https://cards.scryfall.io/normal/front/1/d/1ddfdd10-2a99-4376-abee-f868b0d5e7c1.jpg?1643590577,"",Francisco Miyara,uncommon,0.03,0.08,,0.09,0.12,,"treasury",false,"","B","Creature — Vampire Soldier",nm,Свадебный Охранник,"undefined"
vow,Innistrad: Crimson Vow,ru,110,"Edgar's Awakening",1,false,8850,https://cards.scryfall.io/normal/front/9/6/96ff9de6-f9ae-4b1c-9fd1-4ba9663922af.jpg?1643589644,"",Joshua Raphael,uncommon,0.07,0.19,,0.14,0.17,,"treasury",false,"","B","Sorcery",nm,Пробуждение Эдгара,"undefined"
vow,Innistrad: Crimson Vow,ru,92,"Aim for the Head",1,false,18150,https://cards.scryfall.io/normal/front/1/1/1174e8e1-2e8e-4070-9871-7d5d93e0dd56.jpg?1643589040,"",Zoltan Boros,common,0.04,0.05,,0.05,0.07,,"treasury",false,"","B","Sorcery",nm,Целься в Голову,"undefined"
vow,Innistrad: Crimson Vow,ru,232,"Bloodtithe Harvester",1,false,5408,https://cards.scryfall.io/normal/front/f/0/f0192cf7-3391-4720-b9c8-72dec5dde01e.jpg?1643593808,"",Lucas Graciano,uncommon,0.30,0.61,,0.20,0.40,,"treasury",false,"","B,R","Creature — Vampire",nm,Собиратель Кровавой Подати,"undefined"
vow,Innistrad: Crimson Vow,ru,175,"Rending Flame",1,false,16138,https://cards.scryfall.io/normal/front/5/1/51332c31-41df-4379-aa63-6a734a4df618.jpg?1643591905,"",Olena Richards,uncommon,0.05,0.17,,0.08,0.12,,"treasury",false,"","R","Instant",nm,Раздирающее Пламя,"undefined"
vow,Innistrad: Crimson Vow,ru,166,"Lacerate Flesh",2,false,16074,https://cards.scryfall.io/normal/front/c/7/c7e0c0dc-2d35-4e5a-81da-dd5f35b8e579.jpg?1643591591,"",Pauline Voss,common,0.02,0.03,,0.03,0.06,,"treasury",false,"","R","Sorcery",nm,Изрезанная Плоть,"undefined"
vow,Innistrad: Crimson Vow,ru,168,"Lightning Wolf",2,false,18648,https://cards.scryfall.io/normal/front/7/2/7211e4c3-e940-41da-88e4-4630eab447a6.jpg?1643591677,"",Alessandra Pisano,common,0.02,0.05,,0.05,0.04,,"treasury",false,"","R","Creature — Wolf",nm,Волчица Молний,"undefined"
vow,Innistrad: Crimson Vow,ru,106,"Doomed Dissenter",1,false,4351,https://cards.scryfall.io/normal/front/f/7/f7c0cf16-81ea-45e3-99cc-4424d59bb44b.jpg?1643589534,"",Campbell White,common,0.05,0.15,,0.10,0.09,,"treasury",false,"","B","Creature — Human",nm,Обреченный Инакомыслящий,"undefined"
vow,Innistrad: Crimson Vow,ru,254,"Ceremonial Knife",1,false,8975,https://cards.scryfall.io/normal/front/9/c/9ccb4b1e-ef8f-4c5f-8b5b-6148455442f7.jpg?1643594637,"Equip",Antonio José Manzanedo,common,0.04,0.12,,0.08,0.10,,"treasury",false,"","","Artifact — Equipment",nm,Ритуальный Нож,"undefined"
vow,Innistrad: Crimson Vow,ru,51,"Chill of the Grave",1,false,15690,https://cards.scryfall.io/normal/front/6/0/60222e91-a688-4113-a8c2-ab08f52bb6e1.jpg?1643587605,"",Olivier Bernard,common,0.04,0.03,,0.03,0.11,,"treasury",false,"","U","Instant",nm,Могильный Холод,"undefined"
vow,Innistrad: Crimson Vow,ru,84,"Syphon Essence",1,false,15771,https://cards.scryfall.io/normal/front/4/3/435a2d31-ac2c-45aa-8369-6c2d6fbba4e4.jpg?1643588767,"",Sean Murray,common,0.01,0.03,,0.05,0.10,,"treasury",false,"","U","Instant",nm,Вытягивание Сущности,"undefined"
vow,Innistrad: Crimson Vow,ru,80,"Steelclad Spirit",1,false,21463,https://cards.scryfall.io/normal/front/5/5/55fb1426-5a6f-48dd-938b-c64b1a28ee59.jpg?1643588656,"Defender",Artur Treffner,common,0.02,0.02,,0.05,0.06,,"treasury",false,"","U","Creature — Spirit",nm,Дух в Стальных Доспехах,"undefined"
vow,Innistrad: Crimson Vow,ru,73,"Repository Skaab",1,false,10479,https://cards.scryfall.io/normal/front/7/c/7cc22c2a-535a-46b5-817c-da5850abd669.jpg?1643588423,"Exploit",Olivier Bernard,common,0.03,0.12,,0.11,0.14,,"treasury",false,"","U","Creature — Zombie",nm,Скааб-Хранилище,"undefined"
vow,Innistrad: Crimson Vow,ru,74,"Scattered Thoughts",1,false,10852,https://cards.scryfall.io/normal/front/d/c/dc5c6675-6e0f-427d-9399-a6e7fc6215f1.jpg?1643588449,"",Brian Valeza,common,0.03,0.07,,0.07,0.14,,"treasury",false,"","U","Instant",nm,Мысли Вразброс,"undefined"
snc,Streets of New Capenna,en,221,"Shattered Seraph",1,false,14386,https://cards.scryfall.io/normal/front/c/c/cc75ba0d-230e-4ca4-bb40-bd05af2a4457.jpg?1664413745,"Flying",Bastien L. Deharme,common,0.02,0.06,,0.03,0.11,,"treasury",false,"","B,U,W","Creature — Angel Rogue",nm,Расколотый Серафим,"undefined"
snc,Streets of New Capenna,en,223,"Soul of Emancipation",1,false,13452,https://cards.scryfall.io/normal/front/3/5/35b13b82-0650-48f2-9e42-3610b43e2e10.jpg?1664413786,"",Eric Deschamps,rare,0.06,0.08,,0.13,0.20,,"treasury",false,"","G,U,W","Creature — Avatar",nm,Душа Освобождения,"undefined"
snc,Streets of New Capenna,en,224,"Spara's Adjudicators",1,false,15991,https://cards.scryfall.io/normal/front/2/9/29eb0e40-d184-423f-8484-ee288fda00cd.jpg?1664413807,"",Aaron J. Riley,common,0.01,0.01,,0.04,0.07,,"treasury",false,"","G,U,W","Creature — Cat Citizen",nm,Судьи Спары,"undefined"
snc,Streets of New Capenna,en,106,"Exhibition Magician",1,false,11344,https://cards.scryfall.io/normal/front/c/b/cbb4479f-3157-44b4-b18b-7553c7513118.jpg?1664411482,"Treasure",Greg Staples,common,0.02,0.04,,0.06,0.22,,"treasury",false,"","R","Creature — Human Wizard",nm,Фокусница с Выставки,"undefined"
snc,Streets of New Capenna,en,28,"Revelation of Power",2,false,16094,https://cards.scryfall.io/normal/front/7/e/7e010b11-8f3e-4792-afe4-0a376650b6c4.jpg?1664409933,"",Eric Deschamps,common,0.02,0.04,,0.03,0.09,,"treasury",false,"","W","Instant",nm,Явление Могущества,"undefined"
snc,Streets of New Capenna,en,16,"Hold for Ransom",2,false,12889,https://cards.scryfall.io/normal/front/5/3/53e74a99-11d9-40b8-b1d6-8f68a3f490fa.jpg?1664409708,"Enchant",Nestor Ossandon Leal,common,0.01,0.07,,0.09,0.17,,"treasury",false,"","W","Enchantment — Aura",nm,Удержание Ради Выкупа,"undefined"
snc,Streets of New Capenna,en,182,"Disciplined Duelist",1,false,15129,https://cards.scryfall.io/normal/front/e/2/e23cdb0a-e114-47f8-aceb-c54c4683bbc5.jpg?1664412943,"Double strike",Josu Hernaiz,uncommon,0.02,0.03,,0.10,0.04,,"treasury",false,"","G,U,W","Creature — Human Citizen",nm,Дисциплинированный Дуэлянт,"undefined"
snc,Streets of New Capenna,en,85,"Join the Maestros",1,false,17888,https://cards.scryfall.io/normal/front/f/f/ff2665f7-6cf8-4f9b-810e-17e264753225.jpg?1664411069,"Casualty",Josh Hass,common,0.01,0.01,,0.03,0.06,,"treasury",false,"","B","Sorcery",nm,Присоединиться к Маэстро,"undefined"
snc,Streets of New Capenna,en,199,"Maestros Charm",1,false,4138,https://cards.scryfall.io/normal/front/3/d/3dcdedb6-3c24-4a29-b9b9-27cc47d8ee56.jpg?1664413273,"",Steve Argyle,uncommon,0.06,0.12,,0.21,0.11,,"treasury",false,"","B,R,U","Instant",nm,Талисман Маэстро,"undefined"
snc,Streets of New Capenna,en,119,"Ready to Rumble",2,false,17738,https://cards.scryfall.io/normal/front/1/6/16998689-345d-41e3-a368-e97b696ed689.jpg?1664411735,"",Josu Hernaiz,common,0.02,0.03,,0.03,0.07,,"treasury",false,"","R","Sorcery",nm,Готовы к Драке,"undefined"
snc,Streets of New Capenna,en,100,"Antagonize",2,false,8459,https://cards.scryfall.io/normal/front/8/b/8bac1d2a-99dd-40b3-8823-ce9225efcdcf.jpg?1664411369,"",Gabor Szikszai,common,0.05,0.13,,0.08,0.15,,"treasury",false,"","R","Instant",nm,Неприятие,"undefined"
snc,Streets of New Capenna,en,189,"Forge Boss",1,false,12563,https://cards.scryfall.io/normal/front/5/0/5052247d-ef72-47f0-973d-2be98bf754c1.jpg?1664413073,"",Igor Kieryluk,uncommon,0.02,0.06,,0.04,0.14,,"treasury",false,"","B,R","Creature — Human Warrior",nm,Босс Кузницы,"undefined"
snc,Streets of New Capenna,en,37,"Case the Joint",1,false,12387,https://cards.scryfall.io/normal/front/0/f/0f9edf04-681d-45f9-975f-704154040506.jpg?1664410117,"",Stella Spente,common,0.01,0.08,,0.06,0.11,,"treasury",false,"","U","Instant",nm,Разведка Обстановки,"undefined"
snc,Streets of New Capenna,en,53,"Psionic Snoop",2,false,17957,https://cards.scryfall.io/normal/front/b/1/b1e04834-7335-4b25-bedf-b7739c5c3aad.jpg?1664410419,"Flash,Connive",Marcela Medeiros,common,0.01,0.07,,0.07,0.05,,"treasury",false,"","U","Creature — Human Rogue",nm,Псионическая Шпионка,"undefined"
snc,Streets of New Capenna,en,23,"Patch Up",1,false,8202,https://cards.scryfall.io/normal/front/2/c/2ce30c92-c5f2-45d2-819e-177390bc26f5.jpg?1664409844,"",Scott Murphy,uncommon,0.04,0.09,,0.16,0.18,,"treasury",false,"","W","Sorcery",nm,Подлатать,"undefined"
snc,Streets of New Capenna,en,39,"Disdainful Stroke",1,false,1853,https://cards.scryfall.io/normal/front/4/9/492aa24c-61c4-48bc-b7b7-f423be2662da.jpg?1664410153,"",Irina Nordsol,common,0.07,0.16,,0.13,0.22,,"treasury",false,"","U","Instant",nm,Презрительный Удар,"undefined"
snc,Streets of New Capenna,en,157,"Social Climber",1,false,8419,https://cards.scryfall.io/normal/front/a/9/a9fb74fd-767f-4dd4-822a-828d59f633ad.jpg?1664412474,"Alliance",Carly Mazur,common,0.01,0.07,,0.09,0.10,,"treasury",false,"","G","Creature — Human Druid",nm,Карьеристка,"undefined"
snc,Streets of New Capenna,en,9,"Dapper Shieldmate",1,false,19863,https://cards.scryfall.io/normal/front/d/6/d6ce9c33-4ab3-43c9-b6bc-ee2d40d8f9b6.jpg?1664409571,"",Greg Opalinski,common,0.01,0.05,,0.02,0.04,,"treasury",false,"","W","Creature — Human Soldier",nm,Щеголеватая Щитоносица,"undefined"
snc,Streets of New Capenna,en,136,"Broken Wings",2,false,5074,https://cards.scryfall.io/normal/front/9/e/9eb94908-4f4a-487e-87ac-8d5bdefe9983.jpg?1664412065,"",Irina Nordsol,common,0.01,0.07,,0.03,0.09,,"treasury",false,"","G","Instant",nm,Сломанные Крылья,"undefined"
snc,Streets of New Capenna,en,174,"Celestial Regulator",1,false,15358,https://cards.scryfall.io/normal/front/2/5/25803f0b-4475-447e-abdf-dcd6a98dd654.jpg?1664412795,"Flying",Mathias Kollros,common,0.04,0.13,,0.04,0.15,,"treasury",false,"","U,W","Creature — Angel Advisor",nm,Небесная Законодательница,"undefined"
snc,Streets of New Capenna,en,31,"Sky Crier",1,false,12325,https://cards.scryfall.io/normal/front/9/8/98e01fa9-9127-4250-94f1-39e71cc3c2bc.jpg?1664409991,"Flying,Lifelink",Raoul Vitale,common,0.04,0.07,,0.05,0.20,,"treasury",false,"","W","Creature — Bird Citizen",nm,Небесный Глашатай,"undefined"
snc,Streets of New Capenna,en,5,"Brokers Initiate",1,false,22075,https://cards.scryfall.io/normal/front/a/7/a7867f2d-e89d-429f-9ab8-5337b40b4d8d.jpg?1664409497,"",Viko Menezes,common,0.02,0.02,,0.05,0.10,,"treasury",false,"","W","Creature — Cat Citizen",nm,Новичок Брокеров,"undefined"
snc,Streets of New Capenna,en,138,"Caldaia Strongarm",1,false,15857,https://cards.scryfall.io/normal/front/5/8/58b431d2-33c1-49d8-b45d-690c174bb456.jpg?1664412101,"Blitz",Randy Vargas,common,0.01,0.04,,0.07,0.14,,"treasury",false,"","G","Creature — Human Warrior",nm,Калдайская Силачка,"undefined"
snc,Streets of New Capenna,en,3,"Ballroom Brawlers",1,false,17080,https://cards.scryfall.io/normal/front/b/f/bf5615a2-03a2-41f4-ab3b-de5e60d1504e.jpg?1664409461,"",John Stanko,uncommon,0.02,0.04,,0.06,0.10,,"treasury",false,"","W","Creature — Human Warrior",nm,Бальные Бретеры,"undefined"
snc,Streets of New Capenna,en,155,"Rhox Pummeler",1,false,17886,https://cards.scryfall.io/normal/front/c/9/c99f5b02-16b9-4672-b0ec-f77662e9de76.jpg?1664412432,"",Gabor Szikszai,common,0.01,0.02,,0.04,0.13,,"treasury",false,"","G","Creature — Rhino Soldier",nm,Рокс-Молотобоец,"undefined"
snc,Streets of New Capenna,en,175,"Ceremonial Groundbreaker",1,false,19171,https://cards.scryfall.io/normal/front/0/a/0a542616-aa4d-40d9-acad-47bc98bd6281.jpg?1664412813,"Equip",Drew Baker,uncommon,0.02,0.05,,0.02,0.07,,"treasury",false,"","G,W","Artifact — Equipment",nm,Церемониальная Лопата,"undefined"
snc,Streets of New Capenna,en,140,"Civic Gardener",1,false,14406,https://cards.scryfall.io/normal/front/f/5/f58d39d7-62bf-43c8-97b3-0f9069af0e29.jpg?1664412139,"",Drew Baker,common,0.02,0.07,,0.06,0.23,,"treasury",false,"","G","Creature — Human Citizen",nm,Городской Садовник,"undefined"
snc,Streets of New Capenna,en,143,"Elegant Entourage",1,false,14533,https://cards.scryfall.io/normal/front/e/9/e9d3500e-09ba-48b6-933f-25b4625b79aa.jpg?1664412193,"Alliance",Jodie Muir,uncommon,0.09,0.07,,0.08,0.15,,"treasury",false,"","G","Creature — Elf Druid",nm,Элегантная Свита,"undefined"
snc,Streets of New Capenna,en,4,"Boon of Safety",1,false,5081,https://cards.scryfall.io/normal/front/2/0/2069310a-9fb6-41b7-bbd5-849e3df05632.jpg?1664409478,"Scry",Robin Olausson,common,0.06,0.17,,0.07,0.20,,"treasury",false,"","W","Instant",nm,Дар Безопасности,"undefined"
snc,Streets of New Capenna,en,36,"Brokers Veteran",1,false,15479,https://cards.scryfall.io/normal/front/9/d/9d4a54bd-5598-4313-b5e6-29fd38da016a.jpg?1664410096,"",Lie Setiawan,common,0.02,0.03,,0.04,0.04,,"treasury",false,"","U","Creature — Human Soldier",nm,Ветеран Брокеров,"undefined"
snc,Streets of New Capenna,en,149,"Glittermonger",1,false,8570,https://cards.scryfall.io/normal/front/1/a/1a3d70d2-0604-41b3-8dd1-bfeb05832271.jpg?1664412316,"Treasure",Evyn Fong,common,0.06,0.07,,0.07,0.18,,"treasury",false,"","G","Creature — Elf Rogue",nm,Побрякушник,"undefined"
snc,Streets of New Capenna,en,2,"Backup Agent",1,false,14846,https://cards.scryfall.io/normal/front/2/a/2a46af75-3880-4141-b26e-19834d67e7a8.jpg?1664409443,"",Aaron J. Riley,common,0.01,0.01,,0.05,0.08,,"treasury",false,"","W","Creature — Human Citizen",nm,Резервный Агент,"undefined"
snc,Streets of New Capenna,en,137,"Cabaretti Initiate",1,false,21164,https://cards.scryfall.io/normal/front/6/c/6c691f62-009b-4178-8e8b-d6e88229a282.jpg?1664412084,"",Jason A. Engle,common,0.02,0.04,,0.04,0.07,,"treasury",false,"","G","Creature — Raccoon Citizen",nm,Новичок Кабаретти,"undefined"
znr,Zendikar Rising,en,43,"Tazeem Raptor",2,false,22761,https://cards.scryfall.io/normal/front/2/9/299d60b9-0ba7-40ee-b9d0-ee8f1ea288c9.jpg?1604589296,"Flying",Dan Scott,common,0.02,0.01,,0.02,0.06,,"treasury",false,"","W","Creature — Bird",nm,Тазимский Раптор,"undefined"
znr,Zendikar Rising,en,196,"Murasa Sproutling",1,false,11853,https://cards.scryfall.io/normal/front/f/5/f53472b7-53da-4833-b7f9-204706dfb721.jpg?1604199192,"Kicker",Svetlin Velinov,uncommon,0.02,0.04,,0.08,0.07,,"treasury",false,"","G","Creature — Plant Elemental",nm,Мурасский Росток,"undefined"
znr,Zendikar Rising,en,133,"Akoum Hellhound",1,false,11694,https://cards.scryfall.io/normal/front/3/a/3a5ad1c8-3d70-43ed-9539-2aa6289c5c4a.jpg?1604196803,"Landfall",Jason Kang,common,0.05,0.07,,0.05,0.17,,"treasury",false,"","R","Creature — Elemental Dog",nm,Акумский Цербер,"undefined"
znr,Zendikar Rising,en,42,"Smite the Monstrous",2,false,14911,https://cards.scryfall.io/normal/front/9/c/9c103163-31b7-4d25-aa2c-02ca082ee1bf.jpg?1604193448,"",Izzy,common,0.03,0.02,,0.02,0.06,,"treasury",false,"","W","Instant",nm,Сразить Чудовище,"undefined"
znr,Zendikar Rising,en,142,"Grotag Bug-Catcher",1,false,18313,https://cards.scryfall.io/normal/front/5/b/5b310b01-f9cb-48ce-8af3-5957d3abf098.jpg?1604197094,"Trample",Jakub Kasper,common,0.02,0.01,,0.02,0.05,,"treasury",false,"","R","Creature — Goblin Warrior",nm,Гротагский Ловец Жуков,"undefined"
znr,Zendikar Rising,en,172,"Tormenting Voice",1,false,873,https://cards.scryfall.io/normal/front/6/d/6da46103-a14c-4aa2-92fc-fd758335caf4.jpg?1604198268,"",Izzy,common,0.05,0.16,,0.09,0.24,,"treasury",false,"","R","Sorcery",nm,Мучающий Голос,"undefined"
znr,Zendikar Rising,en,35,"Resolute Strike",1,false,13731,https://cards.scryfall.io/normal/front/7/8/78b82476-4320-4719-9785-af8d68503234.jpg?1619795129,"",Zezhou Chen,common,0.06,0.07,,0.09,0.14,,"treasury",false,"","W","Instant",nm,Решительный Удар,"undefined"
znr,Zendikar Rising,en,205,"Springmantle Cleric",1,false,21541,https://cards.scryfall.io/normal/front/8/d/8d822730-6d81-4dbc-a3c3-ce96d29a1078.jpg?1604199462,"",Cristi Balanescu,uncommon,0.06,0.07,,0.05,0.09,,"treasury",false,"","G","Creature — Elf Cleric",nm,Священница Весеннего Покрова,"undefined"
znr,Zendikar Rising,en,194,"Might of Murasa",1,false,15751,https://cards.scryfall.io/normal/front/4/2/42914fd9-e56e-4c3e-a445-fdfa45a45178.jpg?1604199153,"Kicker",Lie Setiawan,common,0.01,0.01,,0.08,0.11,,"treasury",false,"","G","Instant",nm,Мощь Мурасы,"undefined"
znr,Zendikar Rising,en,168,"Synchronized Spellcraft",2,false,21157,https://cards.scryfall.io/normal/front/d/8/d87f4637-1ad3-4d61-98ff-98c0b0be46a1.jpg?1604198129,"",Svetlin Velinov,common,0.01,0.01,,0.02,0.05,,"treasury",false,"","R","Instant",nm,Синхронное Чаротворение,"undefined"
znr,Zendikar Rising,en,199,"Rabid Bite",1,false,5171,https://cards.scryfall.io/normal/front/e/f/effe3fab-6d13-4603-8a21-8a3c2a0d9e08.jpg?1604199283,"",John Thacker,common,0.03,0.11,,0.02,0.16,,"treasury",false,"","G","Sorcery",nm,Бешеный Укус,"undefined"
znr,Zendikar Rising,en,93,"Blood Price",1,false,13534,https://cards.scryfall.io/normal/front/d/f/df14d32d-fe53-4370-8298-fab528ff12db.jpg?1604195324,"",Antonio José Manzanedo,common,0.01,0.04,,0.11,0.10,,"treasury",false,"","B","Sorcery",nm,Цена Крови,"undefined"
znr,Zendikar Rising,en,104,"Guul Draz Mucklord",1,false,19130,https://cards.scryfall.io/normal/front/b/9/b996743e-7f48-49d8-948b-ceb75bddf215.jpg?1604195708,"",Darek Zabrocki,common,0.04,0.05,,0.05,0.02,,"treasury",false,"","B","Creature — Crocodile",nm,Грязедержец из Гуул-Драза,"undefined"
znr,Zendikar Rising,en,202,"Scale the Heights",1,false,4113,https://cards.scryfall.io/normal/front/e/7/e781d6ad-950e-49bf-9645-e2354086ae49.jpg?1604199378,"",Cristi Balanescu,common,0.06,0.21,,0.12,0.16,,"treasury",false,"","G","Sorcery",nm,Покорение Высот,"undefined"
znr,Zendikar Rising,en,36,"Sea Gate Banneret",1,false,20427,https://cards.scryfall.io/normal/front/6/a/6ae4634e-1487-4b66-8f70-bcb4b1fa6e77.jpg?1604193084,"",Jesper Ejsing,common,0.01,0.03,,0.05,0.07,,"treasury",false,"","W","Creature — Kor Warrior",nm,Знаменосец Мореграда,"undefined"
znr,Zendikar Rising,en,169,"Teeterpeak Ambusher",1,false,17951,https://cards.scryfall.io/normal/front/a/d/ad57c2f3-d9cb-4165-bb39-897b5b12689e.jpg?1604198176,"",Kekai Kotaki,common,0.02,0.04,,0.08,0.07,,"treasury",false,"","R","Creature — Goblin Warrior",nm,Охотник Шатающихся Пиков,"undefined"
znr,Zendikar Rising,en,13,"Expedition Healer",2,false,19389,https://cards.scryfall.io/normal/front/1/1/11a00a88-de0e-4012-9ad8-ccb187dff7df.jpg?1604195734,"Vigilance",Heonhwa Choe,common,0.03,0.05,,0.04,0.06,,"treasury",false,"","W","Creature — Kor Cleric",nm,Целитель Экспедиции,"undefined"
znr,Zendikar Rising,en,255,"Stonework Packbeast",1,false,9682,https://cards.scryfall.io/normal/front/a/2/a29e17ba-d584-4296-9f43-17467edaa25f.jpg?1604201060,"",Dmitry Burmak,common,0.06,0.22,,0.09,0.16,,"treasury",false,"","","Artifact Creature — Beast",nm,Каменный Тяжеловоз,"undefined"
znr,Zendikar Rising,en,256,"Utility Knife",1,false,15430,https://cards.scryfall.io/normal/front/1/e/1e5c781d-cd89-4671-8fbe-fae82c33357b.jpg?1604201108,"Equip",Craig J Spearing,common,0.05,0.06,,0.10,0.06,,"treasury",false,"","","Artifact — Equipment",nm,Универсальный Нож,"undefined"
znr,Zendikar Rising,en,299,"Akoum Hellhound",1,false,11694,https://cards.scryfall.io/normal/front/b/5/b5757230-08b8-4808-af61-d343f9748fb1.jpg?1604202554,"Landfall",Pascal Blanché,common,0.03,0.09,,0.05,0.10,,"treasury",false,"showcase,inverted","R","Creature — Elemental Dog",nm,Акумский Цербер,"boosterfun"
znr,Zendikar Rising,en,173,"Tuktuk Rubblefort",2,false,5102,https://cards.scryfall.io/normal/front/0/2/02eedf9d-e26c-405c-aee5-1b3493dc5e9b.jpg?1604198284,"Reach,Defender",Nicholas Gregory,common,0.07,0.21,,0.11,0.21,,"treasury",false,"","R","Creature — Wall",nm,Булыжная Крепость Туктуков,"undefined"
znr,Zendikar Rising,en,152,"Pyroclastic Hellion",1,false,19960,https://cards.scryfall.io/normal/front/5/9/5929c89b-8c61-47f5-a8ec-b64bf41e9d5b.jpg?1604263001,"",Simon Dominic,common,0.04,0.01,,0.03,0.06,,"treasury",false,"","R","Creature — Hellion",nm,Пирокластический Геллион,"undefined"
znr,Zendikar Rising,en,22,"Kor Celebrant",1,false,8120,https://cards.scryfall.io/normal/front/8/7/87c37e46-a961-4739-8893-f783013e2be6.jpg?1604192472,"",Jake Murray,common,0.03,0.15,,0.11,0.14,,"treasury",false,"","W","Creature — Kor Cleric",nm,Кор Участница Ритуала,"undefined"
znr,Zendikar Rising,en,144,"Inordinate Rage",1,false,12602,https://cards.scryfall.io/normal/front/d/0/d0f62bdc-50a0-41a0-ac37-9b0eeb21b6aa.jpg?1604197186,"Scry",Tomasz Jedruszek,common,0.02,0.11,,0.06,0.06,,"treasury",false,"","R","Instant",nm,Необузданный Гнев,"undefined"
znr,Zendikar Rising,en,28,"Mesa Lynx",1,false,20042,https://cards.scryfall.io/normal/front/f/6/f65af09b-656f-4d81-b95d-b4f902e56bb7.jpg?1604192681,"",Svetlin Velinov,common,0.03,0.03,,0.07,0.10,,"treasury",false,"","W","Creature — Cat",nm,Рысь Плоскогорья,"undefined"
znr,Zendikar Rising,en,138,"Expedition Champion",1,false,21097,https://cards.scryfall.io/normal/front/3/0/30084dc1-f501-4b7c-972d-1a3b9137083a.jpg?1604196963,"",Bram Sels,common,0.03,0.05,,0.04,0.08,,"treasury",false,"","R","Creature — Human Warrior",nm,Воитель Экспедиции,"undefined"
znr,Zendikar Rising,en,224,"Kargan Warleader",1,false,9623,https://cards.scryfall.io/normal/front/6/f/6f921dca-ce93-42d1-87b1-149973558467.jpg?1604200083,"",Colin Boyer,uncommon,0.05,0.15,,0.09,0.17,,"treasury",false,"","R,W","Creature — Human Warrior",nm,Каргская Военачальница,"undefined"
znr,Zendikar Rising,en,21,"Kor Blademaster",1,false,10874,https://cards.scryfall.io/normal/front/f/c/fc6d6049-5599-47eb-ae58-a8eb96927ece.jpg?1604192436,"Double strike",Darren Tan,uncommon,0.11,0.23,,0.10,0.18,,"treasury",false,"","W","Creature — Kor Warrior",nm,Кор-Фехтовальщица,"undefined"
znr,Zendikar Rising,en,158,"Scorch Rider",1,false,22791,https://cards.scryfall.io/normal/front/9/e/9ec9d3eb-4729-49a9-8146-7388ff2629df.jpg?1604197733,"Kicker",Andrey Kuzinskiy,common,0.02,0.33,,0.05,0.04,,"treasury",false,"","R","Creature — Human Warrior",nm,Огненная Наездница,"undefined"
znr,Zendikar Rising,en,248,"Relic Axe",1,false,14514,https://cards.scryfall.io/normal/front/c/a/ca8705e3-0e44-45c9-bcdf-c24507b038fe.jpg?1604200848,"Equip",Cristi Balanescu,uncommon,0.04,0.08,,0.11,0.20,,"treasury",false,"","","Artifact — Equipment",nm,Топор-Реликвия,"undefined"
znr,Zendikar Rising,en,159,"Shatterskull Charger",1,false,11553,https://cards.scryfall.io/normal/front/6/c/6c6d6bc3-2162-4c2b-a5de-25103e706e37.jpg?1604197751,"Haste,Trample,Kicker",Lius Lasahido,rare,0.09,0.13,,0.13,0.14,,"treasury",false,"","R","Creature — Giant Warrior",nm,Рубака Череполомного Перевала,"undefined"
znr,Zendikar Rising,en,171,"Thundering Sparkmage",1,false,19427,https://cards.scryfall.io/normal/front/a/9/a9e6de80-3516-426b-8a1b-bda45f8c0cac.jpg?1604198226,"",Billy Christian,uncommon,0.03,0.10,,0.10,0.05,,"treasury",false,"","R","Creature — Human Wizard",nm,Электромаг-Громовержец,"undefined"
znr,Zendikar Rising,en,9,"Dauntless Unity",1,false,19368,https://cards.scryfall.io/normal/front/b/1/b12a4d17-68e6-4133-99fd-e501e24e6c6b.jpg?1604195576,"Kicker",Josu Hernaiz,common,0.02,0.02,,0.11,0.11,,"treasury",false,"","W","Instant",nm,Непоколебимое Единство,"undefined"
znr,Zendikar Rising,en,3,"Angelheart Protector",1,false,17021,https://cards.scryfall.io/normal/front/c/0/c06cc03f-da73-4ba5-96c9-618b497a7ea3.jpg?1604195388,"",Cristi Balanescu,common,0.02,0.07,,0.06,0.07,,"treasury",false,"","W","Creature — Human Cleric",nm,Защитница Ангельского Сердца,"undefined"
znr,Zendikar Rising,en,29,"Nahiri's Binding",1,false,10934,https://cards.scryfall.io/normal/front/4/2/421eac28-d6f2-44f2-b7ca-eb73fbf23887.jpg?1604192763,"Enchant",Magali Villeneuve,common,0.04,0.05,,0.14,0.07,,"treasury",false,"","W","Enchantment — Aura",nm,Узы Нахири,"undefined"
m19,Core Set 2019,ru,142,"Goblin Instigator",2,false,2478,https://cards.scryfall.io/normal/front/9/0/90cef94d-d941-4e08-afec-a116626b74fb.jpg?1562302971,"",Filip Burburan,common,0.20,5.90,,0.18,5.57,,"treasury",false,"","R","Creature — Goblin Rogue",nm,Гоблинский Зачинщик,"undefined"
m19,Core Set 2019,ru,132,"Catalyst Elemental",1,false,14462,https://cards.scryfall.io/normal/front/e/8/e83a678b-19d4-47a5-aa1c-c2437e5009c0.jpg?1562304846,"",Deruchenko Alexander,common,0.03,0.22,,0.10,0.12,,"treasury",false,"","R","Creature — Elemental",nm,Элементаль-Катализатор,"undefined"
m19,Core Set 2019,ru,165,"Trumpet Blast",2,false,11854,https://cards.scryfall.io/normal/front/c/6/c676a5b0-bd46-46b3-b71b-a50b86c9b0bd.jpg?1562304321,"",Steve Prescott,common,0.02,0.10,,0.04,0.14,,"treasury",false,"","R","Instant",nm,Звук Трубы,"undefined"
m19,Core Set 2019,ru,158,"Smelt",1,false,9822,https://cards.scryfall.io/normal/front/9/a/9a13293d-89a7-400c-8309-9f62eeb4769c.jpg?1562303369,"",Zoltan Boros,common,0.04,0.15,,0.05,0.25,,"treasury",false,"","R","Instant",nm,Расплавить,"undefined"
m19,Core Set 2019,ru,10,"Daybreak Chaplain",1,false,18939,https://cards.scryfall.io/normal/front/c/2/c2f461b1-c801-4f0c-8fd7-fe68b6078ac6.jpg?1562304303,"Lifelink",Volkan Baǵa,common,0.03,,,0.31,0.14,,"treasury",false,"","W","Creature — Human Cleric",nm,Капеллан Рассвета,"undefined"
m19,Core Set 2019,ru,18,"Knight of the Tusk",2,false,22182,https://cards.scryfall.io/normal/front/2/1/213b4584-420a-48c2-9709-7b07458e914b.jpg?1562300796,"Vigilance",Jesper Ejsing,common,0.02,0.10,,0.09,0.17,,"treasury",false,"","W","Creature — Human Knight",nm,Рыцарь Бивня,"undefined"
m19,Core Set 2019,ru,2,"Aethershield Artificer",1,false,12020,https://cards.scryfall.io/normal/front/2/2/226f7c45-db9f-4d48-b575-4d2f1904c963.jpg?1562300805,"",Izzy,uncommon,0.13,1.85,,0.08,0.34,,"treasury",false,"","W","Creature — Dwarf Artificer",nm,Мастерица Эфирных Щитов,"undefined"
m19,Core Set 2019,ru,28,"Mighty Leap",2,false,15752,https://cards.scryfall.io/normal/front/d/c/dc45dcdd-ed92-43f6-b6d2-670b3252ed27.jpg?1562304785,"",Sidharth Chaturvedi,common,0.02,0.10,,0.04,0.18,,"treasury",false,"","W","Instant",nm,Мощный Прыжок,"undefined"
m19,Core Set 2019,ru,47,"Bone to Ash",1,false,11391,https://cards.scryfall.io/normal/front/4/5/4579e7fc-650d-41ba-8ed7-3bd6453a3ce3.jpg?1562301757,"",Clint Cearley,uncommon,0.04,,,0.05,0.16,,"treasury",false,"","U","Instant",nm,Из Костей в Прах,"undefined"
m19,Core Set 2019,ru,71,"Scholar of Stars",1,false,20522,https://cards.scryfall.io/normal/front/c/b/cb4664d4-fb00-4572-a60d-00336117b8a5.jpg?1562304352,"",Tommy Arnold,common,0.01,0.07,,0.05,0.16,,"treasury",false,"","U","Creature — Human Artificer",nm,Ученый Звездочет,"undefined"
m19,Core Set 2019,ru,83,"Wall of Mist",1,false,9570,https://cards.scryfall.io/normal/front/4/f/4fb995c8-1bc2-4ff4-b8e9-f9b6bc0de0fe.jpg?1615334460,"Defender",Dimitar Marinski,common,0.04,0.27,,0.04,0.20,,"treasury",false,"","U","Creature — Wall",nm,Стена Тумана,"undefined"
m19,Core Set 2019,ru,183,"Giant Spider",1,false,14921,https://cards.scryfall.io/normal/front/8/0/80996b0d-cd44-445e-96de-677e0018255c.jpg?1562302899,"Reach",Randy Gallegos,common,0.07,0.16,,0.10,0.20,,"treasury",false,"","G","Creature — Spider",nm,Гигантский Паук,"undefined"
m19,Core Set 2019,ru,193,"Plummet",1,false,9244,https://cards.scryfall.io/normal/front/7/8/78a29ddb-fc76-407a-aa58-ec92d011bd44.jpg?1562302858,"",Pete Venters,common,0.04,0.10,,0.03,0.11,,"treasury",false,"","G","Instant",nm,Стремительное Падение,"undefined"
m19,Core Set 2019,ru,198,"Rhox Oracle",1,false,20501,https://cards.scryfall.io/normal/front/2/8/281f04d5-af45-4494-ac11-a605d3a06643.jpg?1562300827,"",Dan Scott,common,0.03,0.12,,0.05,0.10,,"treasury",false,"","G","Creature — Rhino Monk",nm,Рокс-Оракул,"undefined"
m19,Core Set 2019,ru,174,"Daggerback Basilisk",1,false,12628,https://cards.scryfall.io/normal/front/7/b/7bc8325b-c7a8-49a5-8a54-a419800ffb93.jpg?1562302881,"Deathtouch",Jesper Ejsing,common,0.02,0.24,,0.08,0.21,,"treasury",false,"","G","Creature — Basilisk",nm,Василиск-Спинокол,"undefined"
m19,Core Set 2019,ru,205,"Titanic Growth",1,false,7601,https://cards.scryfall.io/normal/front/f/e/fe574e49-723a-409b-9222-125eebb620ff.jpg?1562305302,"",Ryan Pancoast,common,0.02,0.11,,0.07,0.16,,"treasury",false,"","G","Instant",nm,Титанический Рост,"undefined"
m19,Core Set 2019,ru,191,"Oakenform",1,false,16414,https://cards.scryfall.io/normal/front/0/b/0bf71f42-6e42-46c0-9e8f-394d2c4519ee.jpg?1562300319,"Enchant",Wayne Reynolds,common,0.05,0.35,,0.04,0.16,,"treasury",false,"","G","Enchantment — Aura",nm,Дубовый Облик,"undefined"
m19,Core Set 2019,ru,190,"Naturalize",1,false,1752,https://cards.scryfall.io/normal/front/3/9/390c40ba-2464-44ae-8d67-93c72ab3c425.jpg?1562301697,"",Daniel Ljunggren,common,0.06,0.25,,0.07,0.24,,"treasury",false,"","G","Instant",nm,Приживание,"undefined"
m19,Core Set 2019,ru,234,"Field Creeper",1,false,12595,https://cards.scryfall.io/normal/front/e/1/e148c1bf-84a2-48cd-882e-ad0fd74b8f0f.jpg?1562304812,"",Anthony Palumbo,common,0.04,0.25,,0.08,0.18,,"treasury",false,"","","Artifact Creature — Scarecrow",nm,Ужас Полей,"undefined"
m19,Core Set 2019,ru,7,"Angel of the Dawn",1,false,12925,https://cards.scryfall.io/normal/front/f/4/f4bae0e4-1143-4dc4-afb1-e6b4201ff101.jpg?1562305274,"Flying",Livia Prima,common,0.04,0.98,,0.09,0.60,,"treasury",false,"","W","Creature — Angel",nm,Ангел Утренней Зари,"undefined"
m19,Core Set 2019,ru,227,"Arcane Encyclopedia",1,false,8324,https://cards.scryfall.io/normal/front/0/c/0ce4702d-f65b-413e-99da-112f632a0a63.jpg?1562300328,"",Nic Klein,uncommon,0.10,0.49,,0.15,0.37,,"treasury",false,"","","Artifact",nm,Волшебная Энциклопедия,"undefined"
m19,Core Set 2019,ru,141,"Fire Elemental",1,false,19687,https://cards.scryfall.io/normal/front/f/c/fcca2f76-3db9-472b-b78e-a87b81e31d0a.jpg?1562305294,"",Slawomir Maniak,common,0.03,,,0.02,0.11,,"treasury",false,"","R","Creature — Elemental",nm,Огненный Элементаль,"undefined"
m19,Core Set 2019,ru,12,"Gallant Cavalry",2,false,15754,https://cards.scryfall.io/normal/front/e/3/e388c433-3a37-45f6-825a-d13d2223b6f7.jpg?1562304821,"Vigilance",Craig J Spearing,common,0.03,0.28,,0.07,0.32,,"treasury",false,"","W","Creature — Human Knight",nm,Доблестная Кавалерия,"undefined"
m19,Core Set 2019,ru,147,"Hostile Minotaur",1,false,21544,https://cards.scryfall.io/normal/front/a/d/ad6d0a11-3a9c-4de0-9a46-06d2b9356eb7.jpg?1609919737,"Haste",Joe Slucher,common,0.03,,,0.05,0.14,,"treasury",false,"","R","Creature — Minotaur",nm,Злобный Минотавр,"undefined"
m19,Core Set 2019,ru,246,"Suspicious Bookcase",1,false,4505,https://cards.scryfall.io/normal/front/c/c/ccf01421-856e-4cdd-8938-148928626f56.jpg?1592487570,"Defender",Anastasia Ovchinnikova,uncommon,0.13,0.59,,0.16,0.53,,"treasury",false,"","","Artifact Creature — Wall",nm,Подозрительный Книжный Шкаф,"undefined"
m19,Core Set 2019,ru,228,"Chaos Wand",1,false,2175,https://cards.scryfall.io/normal/front/6/2/62ff0730-6dd9-42d2-be0d-655d04adf229.jpg?1562302627,"",Kari Christensen,rare,0.34,10.03,,0.10,1.19,,"treasury",false,"","","Artifact",nm,Магический Жезл Хаоса,"undefined"
m19,Core Set 2019,ru,38,"Star-Crowned Stag",1,false,20351,https://cards.scryfall.io/normal/front/c/5/c57417c7-867b-4b64-bfe3-1744dfe9b44d.jpg?1562304312,"",Jonathan Kuo,common,0.05,0.25,,0.03,0.18,,"treasury",false,"","W","Creature — Elk",nm,Олень Звездной Короны,"undefined"
m19,Core Set 2019,ru,143,"Goblin Motivator",2,false,6454,https://cards.scryfall.io/normal/front/9/4/94b3a4fb-9024-45ef-a54b-cf3a9fa5b9c2.jpg?1562303343,"",Johann Bodin,common,0.17,0.61,,0.12,0.74,,"treasury",false,"","R","Creature — Goblin Warrior",nm,Убедительный Гоблин,"undefined"
m19,Core Set 2019,ru,19,"Knight's Pledge",1,false,16863,https://cards.scryfall.io/normal/front/7/3/734ff6ac-000d-4fc6-b97b-07b9b21f745c.jpg?1562302703,"Enchant",Magali Villeneuve,common,0.04,0.29,,0.08,0.09,,"treasury",false,"","W","Enchantment — Aura",nm,Рыцарский Обет,"undefined"
m19,Core Set 2019,ru,32,"Pegasus Courser",1,false,17421,https://cards.scryfall.io/normal/front/0/c/0c04eafe-8be0-416e-a5b9-486a3b3b5984.jpg?1562300324,"Flying",Mathias Kollros,common,0.03,0.20,,0.03,0.14,,"treasury",false,"","W","Creature — Pegasus",nm,Быстрокрылый Пегас,"undefined"
m19,Core Set 2019,ru,15,"Inspired Charge",1,false,14552,https://cards.scryfall.io/normal/front/8/1/812cf63f-aa3d-405b-92e1-7ffa31352481.jpg?1681724830,"",Wayne Reynolds,common,0.05,0.05,,0.02,0.14,,"treasury",false,"","W","Instant",nm,Вдохновенный Натиск,"undefined"
m19,Core Set 2019,ru,127,"Act of Treason",1,false,4060,https://cards.scryfall.io/normal/front/9/1/9160dde8-cd77-4967-a5f3-a676376c58f7.jpg?1562302975,"",Eric Deschamps,common,0.03,0.17,,0.06,0.13,,"treasury",false,"","R","Sorcery",nm,Акт Измены,"undefined"
m19,Core Set 2019,ru,244,"Sigiled Sword of Valeron",1,false,5466,https://cards.scryfall.io/normal/front/4/9/497d08a8-cffe-4164-a941-d8c8c85644c7.jpg?1562301779,"Equip",John Stanko,rare,0.23,1.08,,0.35,1.38,,"treasury",false,"","","Artifact — Equipment",nm,Медаленосный Валеронский Меч,"undefined"
m19,Core Set 2019,ru,41,"Trusty Packbeast",1,false,12366,https://cards.scryfall.io/normal/front/8/3/8320e35b-15b9-4f98-b9b8-9c951696408b.jpg?1562302921,"",John Stanko,common,0.01,0.10,,0.19,0.13,,"treasury",false,"","W","Creature — Beast",nm,Верный Тяжеловоз,"undefined"
m19,Core Set 2019,ru,14,"Hieromancer's Cage",1,false,18344,https://cards.scryfall.io/normal/front/1/9/197743cd-249c-42ba-ac8d-027c088f8418.jpg?1621282615,"",Jason Rainville,uncommon,0.05,0.27,,0.08,0.14,,"treasury",false,"","W","Enchantment",nm,Клетка Иероманта,"undefined"
m19,Core Set 2019,ru,161,"Sure Strike",1,false,10241,https://cards.scryfall.io/normal/front/1/e/1e618ab0-b092-499c-b5e9-d374433ff19c.jpg?1562300777,"",Jakub Kasper,common,0.13,,,0.07,0.10,,"treasury",false,"","R","Instant",nm,Верный Удар,"undefined"
cmr,Commander Legends,en,1,"The Prismatic Piper",1,true,22830,https://cards.scryfall.io/normal/front/a/6/a69e6d8f-f742-4508-a83a-38ae84be228c.jpg?1682386854,"Partner",Seb McKinnon,special,0.04,0.07,,0.10,0.24,,"treasury",false,"legendary","","Legendary Creature — Shapeshifter",nm,,"undefined"
cmr,Commander Legends,en,253,"Sentinel Spider",1,true,13407,https://cards.scryfall.io/normal/front/0/1/01e7af76-e505-49ca-a91e-8167027560ff.jpg?1608910895,"Reach,Vigilance",Vincent Proce,common,0.05,0.10,,0.02,0.03,,"treasury",false,"","G","Creature — Spider",nm,,"undefined"
cmr,Commander Legends,en,28,"Keleth, Sunmane Familiar",1,false,5431,https://cards.scryfall.io/normal/front/d/e/de0ba512-b6c3-4931-be05-cb6bd03a4b7c.jpg?1644853028,"Partner",Jesper Ejsing,uncommon,0.08,0.25,,0.12,0.36,,"treasury",false,"legendary","W","Legendary Creature — Horse",nm,,"undefined"
cmr,Commander Legends,en,214,"Anara, Wolvid Familiar",1,false,4636,https://cards.scryfall.io/normal/front/9/a/9a67cfaa-990c-4dcb-97a9-9c5d7316cabe.jpg?1608910526,"Partner",Jesper Ejsing,uncommon,0.18,0.43,,0.11,0.40,,"treasury",false,"legendary","G","Legendary Creature — Wolf Beast",nm,,"undefined"
cmr,Commander Legends,en,308,"Filigree Familiar",1,false,4561,https://cards.scryfall.io/normal/front/8/7/875df3ef-fab4-455f-bfdb-8f6361b27bf6.jpg?1608911405,"",Izzy,common,0.05,0.13,,0.12,0.17,,"treasury",false,"","","Artifact Creature — Fox",nm,,"undefined"
cmr,Commander Legends,en,327,"Moss Diamond",1,false,2295,https://cards.scryfall.io/normal/front/e/c/ec8ea247-5529-4948-8c81-0f413aedc82e.jpg?1608911579,"",Lindsey Look,common,0.08,0.30,,0.09,0.13,,"treasury",false,"","","Artifact",nm,,"undefined"
cmr,Commander Legends,en,313,"Haunted Cloak",1,false,1696,https://cards.scryfall.io/normal/front/9/f/9fc9a637-352a-45bd-a43a-6406f9da56af.jpg?1608911454,"Equip",Volkan Baǵa,common,0.05,0.16,,0.08,0.16,,"treasury",false,"","","Artifact — Equipment",nm,,"undefined"
cmr,Commander Legends,en,245,"Natural Reclamation",1,false,4292,https://cards.scryfall.io/normal/front/3/e/3e98fb7c-6962-4b57-b7b7-c71899564002.jpg?1608910823,"Cascade",Alayna Danner,common,0.02,0.15,,0.15,0.17,,"treasury",false,"","G","Instant",nm,,"undefined"
cmr,Commander Legends,en,263,"Wildheart Invoker",2,false,11081,https://cards.scryfall.io/normal/front/1/4/143231b3-23c4-4c6d-8b58-e401e1ac6e29.jpg?1608910986,"",Erica Yang,common,0.03,0.14,,0.10,0.12,,"treasury",false,"","G","Creature — Elf Shaman",nm,,"undefined"
cmr,Commander Legends,en,224,"Entourage of Trest",2,false,11203,https://cards.scryfall.io/normal/front/8/7/87e65427-1191-4f5a-b4ca-c383eecd274e.jpg?1608910615,"",Anthony Palumbo,common,0.02,0.07,,0.18,0.16,,"treasury",false,"","G","Creature — Elf Soldier",nm,,"undefined"
cmr,Commander Legends,en,306,"Commander's Sphere",1,true,24,https://cards.scryfall.io/normal/front/a/0/a01c16a5-bc50-406f-9ab1-e8346acffbca.jpg?1608911388,"",Ryan Alexander Lee,common,0.15,0.31,,0.13,0.26,,"treasury",false,"","","Artifact",nm,Сфера Командира,"undefined"
cmr,Commander Legends,en,24,"Intangible Virtue",1,false,695,https://cards.scryfall.io/normal/front/5/3/535764b9-67b2-4123-a4be-2aa72fcd8a33.jpg?1608908801,"",Clint Cearley,uncommon,0.08,0.17,,0.12,0.32,,"treasury",false,"","W","Enchantment",nm,,"undefined"
cmr,Commander Legends,en,227,"Fin-Clade Fugitives",1,false,16252,https://cards.scryfall.io/normal/front/3/e/3eb7af70-e024-44bf-a52b-209074b005a3.jpg?1616447019,"Encore",Simon Dominic,common,0.03,0.05,,0.08,0.08,,"treasury",false,"","G","Creature — Elf Salamander Rogue",nm,,"undefined"
cmr,Commander Legends,en,296,"Angelic Armaments",1,false,12346,https://cards.scryfall.io/normal/front/9/2/92824de1-23f2-44c6-b8ab-46db94b8f79e.jpg?1608911292,"Equip",Daniel Ljunggren,uncommon,0.04,0.05,,0.08,0.17,,"treasury",false,"","","Artifact — Equipment",nm,,"undefined"
cmr,Commander Legends,en,255,"Silverback Shaman",1,false,8518,https://cards.scryfall.io/normal/front/8/0/8048bab7-8fd1-446c-80e9-cc2ffb154295.jpg?1608910914,"Trample",Mathias Kollros,common,0.02,0.14,,0.09,0.18,,"treasury",false,"","G","Creature — Ape Shaman",nm,,"undefined"
cmr,Commander Legends,en,51,"Squad Captain",1,false,14508,https://cards.scryfall.io/normal/front/2/4/24c98bc7-f6a9-4aaf-a6dc-7067c3d8a41a.jpg?1608909045,"Vigilance",Cristi Balanescu,common,0.02,0.01,,0.14,0.15,,"treasury",false,"","W","Creature — Human Soldier",nm,,"undefined"
cmr,Commander Legends,en,6,"Angel of the Dawn",2,false,12925,https://cards.scryfall.io/normal/front/d/0/d00ffeb5-195c-45ad-a791-ec67f463d552.jpg?1612228551,"Flying",Livia Prima,common,0.04,0.13,,0.08,0.15,,"treasury",false,"","W","Creature — Angel",nm,Ангел Утренней Зари,"undefined"
cmr,Commander Legends,en,221,"Crushing Vines",1,false,13139,https://cards.scryfall.io/normal/front/b/7/b7adf3cb-2834-49fc-bdd0-9b939a20915c.jpg?1613437218,"",Scott Chou,common,0.01,0.02,,0.03,0.06,,"treasury",false,"","G","Instant",nm,,"undefined"
cmr,Commander Legends,en,240,"Lifecrafter's Gift",1,false,10428,https://cards.scryfall.io/normal/front/f/a/fa000086-e4aa-4bb6-8e66-f4c96e875749.jpg?1608910778,"",Winona Nelson,common,0.03,0.03,,0.14,0.14,,"treasury",false,"","G","Instant",nm,,"undefined"
cmr,Commander Legends,en,259,"Strength of the Pack",1,false,12483,https://cards.scryfall.io/normal/front/8/1/81a1ba0c-1131-4b16-9a11-90947cdb6292.jpg?1608910950,"",Tomasz Jedruszek,uncommon,0.04,0.07,,0.07,0.09,,"treasury",false,"","G","Sorcery",nm,,"undefined"
cmr,Commander Legends,en,11,"Armored Skyhunter",1,false,1728,https://cards.scryfall.io/normal/front/2/b/2bf63241-9091-42f5-b997-9ce5aa3484f1.jpg?1608908677,"Flying",Denman Rooke,rare,1.74,1.90,,2.09,3.05,,"treasury",false,"","W","Creature — Cat Knight",nm,,"undefined"
cmr,Commander Legends,en,253,"Sentinel Spider",2,false,13407,https://cards.scryfall.io/normal/front/0/1/01e7af76-e505-49ca-a91e-8167027560ff.jpg?1608910895,"Reach,Vigilance",Vincent Proce,common,0.05,0.10,,0.02,0.03,,"treasury",false,"","G","Creature — Spider",nm,,"undefined"
cmr,Commander Legends,en,243,"Molder Beast",1,false,19807,https://cards.scryfall.io/normal/front/1/6/1636f571-43ed-4b60-b5d9-129ff94dd0fa.jpg?1608910805,"Trample",Randis Albion,common,0.02,0.02,,0.04,0.08,,"treasury",false,"","G","Creature — Beast",nm,,"undefined"
cmr,Commander Legends,en,225,"Farhaven Elf",1,false,638,https://cards.scryfall.io/normal/front/d/b/db681025-f912-4cba-8b89-c57cda2e6d53.jpg?1608910625,"",Brandon Kitkouski,common,0.16,0.16,,0.11,0.30,,"treasury",false,"","G","Creature — Elf Druid",nm,,"undefined"
cmr,Commander Legends,en,213,"Ambush Viper",1,false,4282,https://cards.scryfall.io/normal/front/0/e/0e386888-57f5-4eb6-88e8-5679bb8eb290.jpg?1608910517,"Flash,Deathtouch",Alan Pollack,common,0.08,0.12,,0.09,0.14,,"treasury",false,"","G","Creature — Snake",nm,,"undefined"
cmr,Commander Legends,en,236,"Ivy Lane Denizen",2,false,1934,https://cards.scryfall.io/normal/front/7/8/78bea375-8af3-4425-a418-bb5503e2dfb7.jpg?1608910737,"",Winona Nelson,common,0.13,0.20,,0.05,0.32,,"treasury",false,"","G","Creature — Elf Warrior",nm,,"undefined"
cmr,Commander Legends,en,54,"Vow of Duty",1,false,5823,https://cards.scryfall.io/normal/front/1/0/107c1b3f-1aab-48a1-a651-8302bc8682f9.jpg?1608909071,"Enchant",Wayne Reynolds,uncommon,0.06,0.22,,0.10,0.11,,"treasury",false,"","W","Enchantment — Aura",nm,,"undefined"
cmr,Commander Legends,en,49,"Slith Ascendant",1,false,17247,https://cards.scryfall.io/normal/front/b/9/b90157f8-ba3c-479e-80d8-8f9e042c540c.jpg?1608909027,"Flying",Justin Sweet,common,0.01,0.02,,0.11,0.08,,"treasury",false,"","W","Creature — Slith",nm,,"undefined"
cmr,Commander Legends,en,29,"Kinsbaile Courier",1,false,15493,https://cards.scryfall.io/normal/front/5/6/56b2b413-e00f-440d-9d27-92eb069b8c71.jpg?1616447028,"Encore",Mila Pesic,common,0.01,0.08,,0.05,0.17,,"treasury",false,"","W","Creature — Kithkin Soldier",nm,,"undefined"
cmr,Commander Legends,en,8,"Anointer of Valor",1,false,15196,https://cards.scryfall.io/normal/front/d/6/d66fcbb8-0fa5-48a9-b40c-d5a12f09a858.jpg?1612228481,"Flying",Antonio José Manzanedo,common,0.03,0.08,,0.07,0.19,,"treasury",false,"","W","Creature — Angel",nm,,"undefined"
cmr,Commander Legends,en,278,"Hamza, Guardian of Arashin",1,false,2800,https://cards.scryfall.io/normal/front/c/7/c793d594-c319-4e97-8620-de8eddaf247d.jpg?1608911128,"",Wisnu Tan,uncommon,0.11,0.20,,0.12,0.45,,"treasury",false,"legendary","G,W","Legendary Creature — Elephant Warrior",nm,,"undefined"
cmr,Commander Legends,en,258,"Stingerfling Spider",1,false,10596,https://cards.scryfall.io/normal/front/1/8/18f45424-2c26-43fa-9afe-eeb22ce772e1.jpg?1608910941,"Reach",Dave Allsop,uncommon,0.09,0.15,,0.11,0.34,,"treasury",false,"","G","Creature — Spider",nm,,"undefined"
cmr,Commander Legends,en,252,"Scrounging Bandar",2,false,6487,https://cards.scryfall.io/normal/front/0/2/02c8aab5-ed0d-489d-87af-7eb3193b75db.jpg?1608910887,"",Shreya Shetty,common,0.04,0.11,,0.12,0.18,,"treasury",false,"","G","Creature — Cat Monkey",nm,,"undefined"
cmr,Commander Legends,en,5,"Ancestral Blade",2,false,9968,https://cards.scryfall.io/normal/front/f/f/ff8461c3-6e80-403a-b3eb-01882c841d7a.jpg?1612228601,"Equip",Scott Murphy,common,0.02,0.08,,0.06,0.19,,"treasury",false,"","W","Artifact — Equipment",nm,,"undefined"
cmr,Commander Legends,en,321,"Lumengrid Gargoyle",1,false,21336,https://cards.scryfall.io/normal/front/c/2/c200239c-d28e-4c55-a7bc-64a1d138cc2f.jpg?1608911524,"Flying",Randis Albion,common,0.02,0.01,,0.08,0.07,,"treasury",false,"","","Artifact Creature — Gargoyle",nm,,"undefined"
cmr,Commander Legends,en,18,"Dispeller's Capsule",1,false,6193,https://cards.scryfall.io/normal/front/d/9/d9b717e3-4dc6-4a7d-928a-2111c8199177.jpg?1608908740,"",Franz Vohwinkel,common,0.01,0.07,,0.04,0.22,,"treasury",false,"","W","Artifact",nm,,"undefined"
cmr,Commander Legends,en,320,"Loreseeker's Stone",1,false,10494,https://cards.scryfall.io/normal/front/e/9/e95365a8-514a-4212-9d65-b0cdf2cd06e5.jpg?1608911517,"",Franz Vohwinkel,uncommon,0.06,0.17,,0.08,0.17,,"treasury",false,"","","Artifact",nm,,"undefined"
cmr,Commander Legends,en,46,"Skywhaler's Shot",1,false,14013,https://cards.scryfall.io/normal/front/3/e/3e2c5013-523f-42b2-b947-abe304a6cb84.jpg?1608909002,"Scry",Chris Rallis,common,0.02,0.05,,0.06,0.02,,"treasury",false,"","W","Instant",nm,,"undefined"
cmr,Commander Legends,en,295,"Amorphous Axe",1,false,10604,https://cards.scryfall.io/normal/front/2/d/2de53345-5809-4704-bd60-682b0c3c3999.jpg?1608911284,"Equip",Martina Pilcerova,common,0.02,0.07,,0.10,0.13,,"treasury",false,"","","Artifact — Equipment",nm,,"undefined"
cmr,Commander Legends,en,77,"Kitesail Skirmisher",1,false,11279,https://cards.scryfall.io/normal/front/f/c/fcd356b3-29a9-4526-93a0-33375f65744b.jpg?1616447032,"Flying,Encore",Sidharth Chaturvedi,common,0.03,0.03,,0.05,0.17,,"treasury",false,"","U","Creature — Human Pirate",nm,,"undefined"
cmr,Commander Legends,en,167,"Champion of the Flame",1,false,6514,https://cards.scryfall.io/normal/front/a/2/a248363d-40a0-4dc5-a0bb-a826c3ba4499.jpg?1608910108,"Trample",Wayne Reynolds,common,0.03,0.10,,0.10,0.12,,"treasury",false,"","R","Creature — Human Warrior",nm,,"undefined"
cmr,Commander Legends,en,212,"Wild Celebrants",2,false,15739,https://cards.scryfall.io/normal/front/6/b/6b9e72f4-0087-4a79-b9af-296c8b930a25.jpg?1608910510,"",Igor Kieryluk,common,0.03,0.02,,0.13,0.07,,"treasury",false,"","R","Creature — Satyr",nm,Дикие Гуляки,"undefined"
cmr,Commander Legends,en,178,"Fiery Cannonade",1,false,6033,https://cards.scryfall.io/normal/front/3/9/396f1cdf-712b-4518-a0e8-0039303dccdc.jpg?1608910204,"",Ben Wootten,common,0.09,0.19,,0.17,0.17,,"treasury",false,"","R","Instant",nm,,"undefined"
cmr,Commander Legends,en,115,"Crow of Dark Tidings",1,false,9365,https://cards.scryfall.io/normal/front/d/8/d8e0654c-8c84-47a7-ba0b-de5b1268c27b.jpg?1608909628,"Flying,Mill",Tianhua X,common,0.03,0.05,,0.08,0.14,,"treasury",false,"","B","Creature — Zombie Bird",nm,,"undefined"
cmr,Commander Legends,en,184,"Humble Defector",1,true,1583,https://cards.scryfall.io/normal/front/6/5/6539ca2d-e577-43f7-9f0c-bd25599dcb8c.jpg?1608910255,"",Slawomir Maniak,uncommon,0.10,0.20,,0.11,0.26,,"treasury",false,"","R","Creature — Human Rogue",nm,,"undefined"
voc,Crimson Vow Commander,ru,117,"Ancient Craving",1,false,2676,https://cards.scryfall.io/normal/front/f/9/f9b3ad9c-ef51-4ba6-a126-ec25d8f25b78.jpg?1641602243,"",Rob Alexander,uncommon,0.18,,,0.22,,,"treasury",false,"","B","Sorcery",nm,Древняя Жажда,"undefined"
voc,Crimson Vow Commander,ru,141,"Anje's Ravager",1,false,5146,https://cards.scryfall.io/normal/front/4/2/4230560e-51b2-459d-86b9-8509a8b5b99d.jpg?1641603006,"Madness",Antonio José Manzanedo,rare,0.21,,,0.94,,,"treasury",false,"","R","Creature — Vampire Berserker",nm,Разоритель Анже,"undefined"
voc,Crimson Vow Commander,ru,159,"Arcane Signet",1,false,3,https://cards.scryfall.io/normal/front/4/6/46f17b66-2484-49f4-80db-408bfda95aa9.jpg?1641603579,"",Dan Scott,common,0.63,,,0.65,,,"treasury",false,"","","Artifact",nm,Магическая Печать,"undefined"
voc,Crimson Vow Commander,ru,23,"Arterial Alchemy",1,false,7038,https://cards.scryfall.io/normal/front/a/f/afe2dba0-55f4-460c-aa89-3921414e7ea1.jpg?1641600787,"",Caio Monteiro,rare,0.11,,,0.33,,,"treasury",false,"","R","Enchantment",nm,Артериальная Алхимия,"undefined"
voc,Crimson Vow Commander,ru,142,"Avacyn's Judgment",1,false,6138,https://cards.scryfall.io/normal/front/2/6/2642eb44-becf-4e99-934f-7241fcc32dee.jpg?1641603042,"Madness",Victor Adame Minguez,rare,0.09,,,0.12,,,"treasury",false,"","R","Sorcery",nm,Правосудие Авацины,"undefined"
clb,Commander Legends: Battle for Baldur's Gate,ru,780,"Blasphemous Act",1,false,27,https://cards.scryfall.io/normal/front/b/a/ba975f60-ca29-4fc8-b2f0-416be395f200.jpg?1674141874,"",Daarken,rare,2.01,,,1.93,,,"treasury",false,"","R","Sorcery",nm,Кощунственный Акт,"undefined"
voc,Crimson Vow Commander,ru,119,"Blood Artist",1,false,135,https://cards.scryfall.io/normal/front/f/e/fe97a73f-33fd-4394-a393-ceb41a214820.jpg?1641602310,"",Johannes Voss,uncommon,2.45,,,2.19,,,"treasury",false,"","B","Creature — Vampire",nm,Кровавый Художник,"undefined"
voc,Crimson Vow Commander,ru,120,"Bloodline Necromancer",1,false,2894,https://cards.scryfall.io/normal/front/f/9/f960d341-3b41-4b2d-a417-85a9b4cd8e4d.jpg?1641602341,"Lifelink",Joe Slucher,uncommon,0.70,,,0.64,,,"treasury",false,"","B","Creature — Vampire Wizard",nm,Некромант Кровавого Рода,"undefined"
voc,Crimson Vow Commander,ru,121,"Bloodlord of Vaasgoth",1,false,4745,https://cards.scryfall.io/normal/front/5/1/510c65ea-7c9f-461f-b038-ef119db1ca30.jpg?1641602372,"Flying,Bloodthirst",Greg Staples,mythic,0.41,,,0.48,,,"treasury",false,"","B","Creature — Vampire Warrior",nm,Кровавый Лорд Ваазгота,"undefined"
voc,Crimson Vow Commander,ru,144,"Bloodsworn Steward",1,false,5270,https://cards.scryfall.io/normal/front/4/0/4023f86a-91af-439b-b591-8bb621255eee.jpg?1641603118,"Flying",Daarken,rare,0.22,,,0.26,,,"treasury",false,"","R","Creature — Vampire Knight",nm,Кровная Служительница,"undefined"
voc,Crimson Vow Commander,ru,122,"Bloodtracker",1,false,3179,https://cards.scryfall.io/normal/front/f/2/f27d34c1-2d78-48b4-baa2-51be778e8b3d.jpg?1641602404,"Flying",Magali Villeneuve,rare,0.14,,,0.18,,,"treasury",false,"","B","Creature — Vampire Wizard",nm,Кровавый Следопыт,"undefined"
clb,Commander Legends: Battle for Baldur's Gate,ru,741,"Butcher of Malakir",1,false,730,https://cards.scryfall.io/normal/front/b/2/b23c18f8-a19f-406a-ad60-491087f9d660.jpg?1674141513,"Flying",Jason Chan,rare,0.28,,,0.20,,,"treasury",false,"","B","Creature — Vampire Warrior",nm,Малакирский Мясник,"undefined"
voc,Crimson Vow Commander,ru,162,"Charcoal Diamond",1,false,384,https://cards.scryfall.io/normal/front/1/a/1a48d5fe-acad-47af-8fd8-e8a893d90a92.jpg?1641603696,"",Lindsey Look,common,0.19,,,0.18,,,"treasury",false,"","","Artifact",nm,Угольный Бриллиант,"undefined"
voc,Crimson Vow Commander,ru,172,"Command Tower",1,false,2,https://cards.scryfall.io/normal/front/a/5/a5f0af51-a054-4e04-aa6e-3972bd336a40.jpg?1641604029,"",Ryan Yee,common,0.25,,,0.18,,,"treasury",false,"","","Land",nm,Командная Башня,"undefined"
voc,Crimson Vow Commander,ru,145,"Crimson Honor Guard",1,false,10109,https://cards.scryfall.io/normal/front/7/a/7ac7b366-a967-4efb-9254-a4ec423d63a7.jpg?1641603147,"Trample",Kieran Yanner,rare,0.08,,,0.19,,,"treasury",false,"","R","Creature — Vampire Knight",nm,Багровый Гвардеец,"undefined"
voc,Crimson Vow Commander,ru,146,"Falkenrath Gorger",1,false,6703,https://cards.scryfall.io/normal/front/6/d/6d653a1d-d355-464e-82aa-92028296b7ef.jpg?1641603175,"",Anna Steinbauer,rare,0.15,,,0.18,,,"treasury",false,"","R","Creature — Vampire Berserker",nm,Фалькенратский Пожиратель,"undefined"
voc,Crimson Vow Commander,ru,128,"Falkenrath Noble",1,false,1145,https://cards.scryfall.io/normal/front/8/9/89420882-5833-46f0-9a3f-3c8e694074df.jpg?1641602590,"Flying",Slawomir Maniak,uncommon,0.26,,,0.28,,,"treasury",false,"","B","Creature — Vampire Noble",nm,Дворянин из Рода Фалькенратов,"undefined"
voc,Crimson Vow Commander,ru,129,"Feed the Swarm",1,false,75,https://cards.scryfall.io/normal/front/5/f/5f782dca-4e1b-4b02-81c7-9df633053e78.jpg?1641602619,"",Andrey Kuzinskiy,common,0.44,,,0.30,,,"treasury",false,"","B","Sorcery",nm,Накормить Рой,"undefined"
voc,Crimson Vow Commander,ru,164,"Fire Diamond",1,false,405,https://cards.scryfall.io/normal/front/5/d/5df5e4e9-b52a-454f-b28d-c12430a952bd.jpg?1641603761,"",Lindsey Look,common,0.55,,,0.19,,,"treasury",false,"","","Artifact",nm,Огненный Бриллиант,"undefined"
voc,Crimson Vow Commander,ru,18,"Glass-Cast Heart",1,false,3597,https://cards.scryfall.io/normal/front/e/6/e649110b-9ede-47d8-9fe4-9ef0dd17b19d.jpg?1641600606,"",Alayna Danner,rare,0.38,,,0.53,,,"treasury",false,"","B","Artifact",nm,Сердце Литого Стекла,"undefined"
voc,Crimson Vow Commander,ru,24,"Imposing Grandeur",1,false,4468,https://cards.scryfall.io/normal/front/8/d/8d236055-d524-4312-9c6f-eddb34703e3e.jpg?1641600815,"",Mila Pesic,rare,0.67,,,0.56,,,"treasury",false,"","R","Sorcery",nm,Впечатляющее Величие,"undefined"
voc,Crimson Vow Commander,ru,130,"Indulgent Aristocrat",1,false,2337,https://cards.scryfall.io/normal/front/3/7/37f6200d-caaf-49ca-b021-48186e404ace.jpg?1641602647,"Lifelink",Anna Steinbauer,uncommon,0.45,,,0.31,,,"treasury",false,"","B","Creature — Vampire Noble",nm,Щедрый Аристократ,"undefined"
voc,Crimson Vow Commander,ru,19,"Kamber, the Plunderer",1,false,5598,https://cards.scryfall.io/normal/front/c/2/c2e932f7-1a72-44e7-89f7-b853eada74f0.jpg?1645006616,"Lifelink,Partner with,Partner",Andrey Kuzinskiy,rare,0.21,,,0.37,,,"treasury",false,"legendary","B","Legendary Creature — Vampire Rogue",nm,Камбер Грабительница,"undefined"
voc,Crimson Vow Commander,ru,25,"Laurine, the Diversion",1,false,8066,https://cards.scryfall.io/normal/front/9/0/909b3afa-a836-4b8a-9ceb-67559fe42420.jpg?1641600842,"Partner with,Goad,First strike,Partner",Andrey Kuzinskiy,rare,0.18,,,0.20,,,"treasury",false,"legendary","R","Legendary Creature — Human Rogue",nm,Лорина Отвлекающая,"undefined"
voc,Crimson Vow Commander,ru,131,"Malakir Bloodwitch",1,false,2392,https://cards.scryfall.io/normal/front/b/9/b91ceead-5071-43e8-bf90-f379d683acdf.jpg?1641602675,"Flying,Protection",Shelly Wan,rare,1.30,,,0.50,,,"treasury",false,"","B","Creature — Vampire Shaman",nm,Малакирская Ведьма Крови,"undefined"
voc,Crimson Vow Commander,ru,26,"Markov Enforcer",1,false,5454,https://cards.scryfall.io/normal/front/5/9/597bc4ae-335d-4d1d-8a57-530291abc540.jpg?1641600866,"Fight",Wisnu Tan,rare,0.22,,,0.23,,,"treasury",false,"","R","Creature — Vampire Soldier",nm,Блюстительница из Рода Марковых,"undefined"
voc,Crimson Vow Commander,ru,27,"Midnight Arsonist",1,false,7870,https://cards.scryfall.io/normal/front/4/d/4d322638-9775-42f4-b75e-d2e1a08bd75d.jpg?1641600894,"",Campbell White,rare,0.13,,,0.26,,,"treasury",false,"","R","Creature — Vampire",nm,Полуночный Поджигатель,"undefined"
voc,Crimson Vow Commander,ru,147,"Mob Rule",1,false,2179,https://cards.scryfall.io/normal/front/8/b/8b04c928-9ee5-4e39-962e-4686e25b5c33.jpg?1641603202,"",Jakub Kasper,rare,0.72,,,0.77,,,"treasury",false,"","R","Sorcery",nm,Власть Толпы,"undefined"
voc,Crimson Vow Commander,ru,148,"Molten Echoes",1,false,1549,https://cards.scryfall.io/normal/front/4/6/461d9f1c-53a4-48a6-bafb-0e70099f276c.jpg?1641603237,"",Zoltan Boros,rare,4.82,,,3.34,,,"treasury",false,"","R","Enchantment",nm,Расплавленное Эхо,"undefined"
voc,Crimson Vow Commander,ru,132,"Necropolis Regent",1,false,2371,https://cards.scryfall.io/normal/front/9/c/9cd548d5-6162-4eff-adfc-69b7e3b45712.jpg?1641602708,"Flying",Winona Nelson,mythic,0.45,,,0.45,,,"treasury",false,"","B","Creature — Vampire",nm,Регент Некрополя,"undefined"
voc,Crimson Vow Commander,ru,177,"Path of Ancestry",1,false,21,https://cards.scryfall.io/normal/front/9/2/92031493-b21f-4029-a01b-0a5c1ddb4776.jpg?1641604193,"Scry",Alayna Danner,common,0.14,,,0.11,,,"treasury",false,"","","Land",nm,Путь Предков,"undefined"
voc,Crimson Vow Commander,ru,135,"Patron of the Vein",1,false,2494,https://cards.scryfall.io/normal/front/0/a/0a403dbd-c127-4e3f-892f-f0950d92228a.jpg?1641602814,"Flying",Tommy Arnold,rare,0.31,,,0.74,,,"treasury",false,"","B","Creature — Vampire Shaman",nm,Кровеносный Покровитель,"undefined"
voc,Crimson Vow Commander,ru,21,"Predators' Hour",1,false,5923,https://cards.scryfall.io/normal/front/d/e/dea6d749-d2a9-43f0-8ab4-ff83ba294564.jpg?1641600732,"",Tomas Duchek,rare,0.21,,,0.73,,,"treasury",false,"","B","Sorcery",nm,Час Хищников,"undefined"
voc,Crimson Vow Commander,ru,156,"Rakdos Charm",1,false,368,https://cards.scryfall.io/normal/front/1/7/179d2088-2032-41c2-953e-f8ecbe135d77.jpg?1641603484,"",Zoltan Boros,uncommon,0.38,,,0.66,,,"treasury",false,"","B,R","Instant",nm,Талисман Ракдосов,"undefined"
voc,Crimson Vow Commander,ru,166,"Rakdos Signet",1,false,108,https://cards.scryfall.io/normal/front/7/a/7a2af4c1-9546-4760-8aac-315b61127304.jpg?1641603829,"",Martina Pilcerova,uncommon,0.97,,,0.94,,,"treasury",false,"","","Artifact",nm,Печать Дома Ракдосов,"undefined"
voc,Crimson Vow Commander,ru,149,"Rakish Heir",1,false,3913,https://cards.scryfall.io/normal/front/0/d/0da15652-8207-4be1-b821-3fb3dad66e37.jpg?1641603262,"",Winona Nelson,uncommon,0.18,,,0.19,,,"treasury",false,"","R","Creature — Vampire",nm,Лихой Наследник,"undefined"
voc,Crimson Vow Commander,ru,28,"Scion of Opulence",1,false,5506,https://cards.scryfall.io/normal/front/d/c/dc0296ec-0401-49c6-82c3-9d7e8aa5ee25.jpg?1641600925,"Treasure",Chris Rallis,rare,0.24,,,0.30,,,"treasury",false,"","R","Creature — Vampire Noble",nm,Отпрыск Изобилия,"undefined"
voc,Crimson Vow Commander,ru,30,"Sinister Waltz",1,false,6751,https://cards.scryfall.io/normal/front/e/4/e44f81b2-768f-4874-99e3-2f87b73b0159.jpg?1641600983,"",Jason Rainville,rare,0.15,,,0.26,,,"treasury",false,"","B,R","Sorcery",nm,Зловещий Вальс,"undefined"
voc,Crimson Vow Commander,ru,168,"Sol Ring",1,false,1,https://cards.scryfall.io/normal/front/c/a/ca57eebe-5bc9-4cff-ae91-ccd509aa36ce.jpg?1641603901,"",Mike Bierek,uncommon,1.43,,,0.78,,,"treasury",false,"","","Artifact",nm,Солнечное Кольцо,"undefined"
voc,Crimson Vow Commander,ru,150,"Stensia Masquerade",1,false,3916,https://cards.scryfall.io/normal/front/1/2/12ea7e21-b500-47cb-807a-a0849038fd56.jpg?1641603296,"Madness",Willian Murai,uncommon,0.24,,,0.22,,,"treasury",false,"","R","Enchantment",nm,Маскарад в Стенсии,"undefined"
voc,Crimson Vow Commander,ru,157,"Stromkirk Captain",1,false,2206,https://cards.scryfall.io/normal/front/2/f/2f053406-d2e4-4443-81f1-025e3b27c65a.jpg?1641603512,"First strike",Jana Schirmer & Johannes Voss,uncommon,0.59,,,0.58,,,"treasury",false,"","B,R","Creature — Vampire Soldier",nm,Стромкиркский Капитан,"undefined"
voc,Crimson Vow Commander,ru,137,"Stromkirk Condemned",1,false,10929,https://cards.scryfall.io/normal/front/b/0/b0e0cecb-4f14-438e-a9d0-c6b19a4126c5.jpg?1641602873,"",Magali Villeneuve,rare,0.09,,,0.20,,,"treasury",false,"","B","Creature — Vampire Horror",nm,Стромкиркская Обреченная,"undefined"
voc,Crimson Vow Commander,ru,151,"Stromkirk Occultist",1,false,5545,https://cards.scryfall.io/normal/front/8/a/8a631816-f5c0-4608-9078-0486a0bf6a49.jpg?1641603324,"Madness,Trample",Magali Villeneuve,rare,0.12,,,0.23,,,"treasury",false,"","R","Creature — Vampire Horror",nm,Стромкиркская Чернокнижница,"undefined"
voc,Crimson Vow Commander,ru,169,"Swiftfoot Boots",1,false,10,https://cards.scryfall.io/normal/front/9/9/99d75dbd-6fd2-479d-a5c7-272b4be21d8b.jpg?1641603930,"Equip",Svetlin Velinov,uncommon,1.83,,,1.17,,,"treasury",false,"","","Artifact — Equipment",nm,Скороходные Сапоги,"undefined"
voc,Crimson Vow Commander,ru,138,"Underworld Connections",1,false,2415,https://cards.scryfall.io/normal/front/1/d/1df71add-7bb6-4687-bb69-cf4450adb7dc.jpg?1641602908,"Enchant",Yeong-Hao Han,rare,0.28,,,0.38,,,"treasury",false,"","B","Enchantment — Aura",nm,Связи Подземелья,"undefined"
voc,Crimson Vow Commander,ru,170,"Unstable Obelisk",1,false,2480,https://cards.scryfall.io/normal/front/9/b/9b856bf3-6328-435d-ad31-c976245aff8a.jpg?1641603961,"",William Wu,uncommon,0.06,,,0.06,,,"treasury",false,"","","Artifact",nm,Нестабильный Обелиск,"undefined"
voc,Crimson Vow Commander,ru,139,"Urge to Feed",1,false,7556,https://cards.scryfall.io/normal/front/0/4/041606a6-d20b-4241-ae5a-2dd004c47487.jpg?1641602937,"",Johann Bodin,uncommon,0.12,,,0.23,,,"treasury",false,"","B","Instant",nm,Голодные Позывы,"undefined"
voc,Crimson Vow Commander,ru,140,"Vampire Nighthawk",1,false,1374,https://cards.scryfall.io/normal/front/3/0/301ff69c-2590-45af-893b-7ac0285e450b.jpg?1641602963,"Deathtouch,Flying,Lifelink",Jason Chan,uncommon,0.20,,,0.26,,,"treasury",false,"","B","Creature — Vampire Shaman",nm,Вампир-Полуночник,"undefined"
voc,Crimson Vow Commander,ru,158,"Vampiric Dragon",1,false,12899,https://cards.scryfall.io/normal/front/6/b/6bf8eff8-6b39-4e5e-b8a9-1da53e837809.jpg?1641603546,"Flying",Gary Ruddell,rare,0.12,,,0.19,,,"treasury",false,"","B,R","Creature — Vampire Dragon",nm,Вампирический Дракон,"undefined"
dmu,Dominaria United,en,323,"Tura Kennerüd, Skyknight",1,false,9706,https://cards.scryfall.io/normal/front/d/7/d710ba7b-b0c9-4372-8f6e-1938bd114ac4.jpg?1674074171,"Flying",Benjamin Ee,uncommon,0.02,0.05,,0.06,0.15,,"treasury",false,"showcase,legendary,inverted","U,W","Legendary Creature — Human Knight",nm,,"boosterfun"
dmu,Dominaria United,en,60,"Phyrexian Espionage",1,false,16302,https://cards.scryfall.io/normal/front/0/b/0b983366-385f-41a3-aa46-20151e68d140.jpg?1673306804,"Kicker",Allen Williams,common,0.02,0.02,,0.05,0.06,,"treasury",false,"","U","Sorcery",nm,,"undefined"
dmu,Dominaria United,en,35,"Take Up the Shield",1,false,5448,https://cards.scryfall.io/normal/front/8/5/851e842e-a497-4c36-90ee-8d64f806c378.jpg?1673306597,"",Manuel Castañón,common,0.08,0.17,,0.08,0.16,,"treasury",false,"","W","Instant",nm,,"undefined"
dmu,Dominaria United,en,109,"Splatter Goblin",1,false,19523,https://cards.scryfall.io/normal/front/5/0/5045027d-0ff4-484c-b4cb-e0b61885d428.jpg?1673307222,"",Lars Grant-West,common,0.02,0.01,,0.04,0.03,,"treasury",false,"","B","Creature — Phyrexian Goblin",nm,,"undefined"
dmu,Dominaria United,en,237,"Salvaged Manaworker",2,false,17300,https://cards.scryfall.io/normal/front/5/f/5fc22ecb-5d87-464e-8c7d-5d40a52e1e4f.jpg?1673308230,"",Julian Kok Joon Wen,common,0.02,0.03,,0.06,0.06,,"treasury",false,"","","Artifact Creature — Construct",nm,,"undefined"
dmu,Dominaria United,en,71,"Tolarian Geyser",2,false,18486,https://cards.scryfall.io/normal/front/5/d/5dd5f389-fea2-4aed-a218-eca162902775.jpg?1673306895,"Kicker",Olivier Bernard,common,0.02,0.03,,0.03,0.09,,"treasury",false,"","U","Sorcery",nm,,"undefined"
dmu,Dominaria United,en,66,"Soaring Drake",2,false,21761,https://cards.scryfall.io/normal/front/0/b/0b0979f9-aae3-4fc7-beae-c8c6637ae596.jpg?1673306852,"Flying",Jason Kang,common,0.02,0.03,,0.02,0.07,,"treasury",false,"","U","Creature — Drake",nm,,"undefined"
dmu,Dominaria United,en,4,"Argivian Cavalier",1,false,15104,https://cards.scryfall.io/normal/front/5/7/57746e72-ba9f-4717-a4a2-6c6a039080c3.jpg?1673306316,"Enlist",Chris Seaman,common,0.01,0.04,,0.04,0.08,,"treasury",false,"","W","Creature — Orc Knight",nm,,"undefined"
dmu,Dominaria United,en,29,"Resolute Reinforcements",1,false,6615,https://cards.scryfall.io/normal/front/3/e/3e11ad33-b9d7-43ef-840a-61955683b599.jpg?1673306545,"Flash",Billy Christian,uncommon,0.39,1.03,,0.21,0.16,,"treasury",false,"","W","Creature — Human Soldier",nm,,"undefined"
dmu,Dominaria United,en,81,"Battlefly Swarm",1,false,7444,https://cards.scryfall.io/normal/front/3/c/3c6b4a2d-0bc0-4a54-9c78-712b48ad6be1.jpg?1673306991,"Flying",Xavier Ribeiro,common,0.05,0.13,,0.10,0.08,,"treasury",false,"","B","Creature — Phyrexian Insect",nm,,"undefined"
dmu,Dominaria United,en,54,"Impede Momentum",1,false,10943,https://cards.scryfall.io/normal/front/2/5/259c04f7-86f2-4584-97fb-8278dca9a213.jpg?1673306753,"Scry",Igor Kieryluk,common,0.03,0.06,,0.09,0.08,,"treasury",false,"","U","Sorcery",nm,,"undefined"
dmu,Dominaria United,en,80,"Battle-Rage Blessing",1,false,8721,https://cards.scryfall.io/normal/front/7/c/7cfc631b-49d1-4f1c-adac-5b07a2ccd06f.jpg?1673306983,"",Jarel Threat,common,0.02,0.13,,0.08,0.05,,"treasury",false,"","B","Instant",nm,,"undefined"
dmu,Dominaria United,en,113,"Tribute to Urborg",1,false,19315,https://cards.scryfall.io/normal/front/3/1/31274707-3e16-4f46-8450-6927d936064b.jpg?1673307253,"Kicker",Jodie Muir,common,0.01,0.01,,0.08,0.05,,"treasury",false,"","B","Instant",nm,,"undefined"
dmu,Dominaria United,en,63,"Rona's Vortex",1,false,13260,https://cards.scryfall.io/normal/front/b/d/bdf96533-f28a-4465-893b-0c9394d5b8d7.jpg?1673306828,"Kicker",Dominik Mayer,uncommon,0.02,0.13,,0.13,0.22,,"treasury",false,"","U","Instant",nm,,"undefined"
dmu,Dominaria United,en,95,"Gibbering Barricade",1,false,14375,https://cards.scryfall.io/normal/front/0/6/0674b340-420d-4864-92fe-7b268fe0874c.jpg?1673307110,"Defender",Drew Tucker,common,0.03,0.05,,0.05,0.06,,"treasury",false,"","B","Creature — Nightmare Wall",nm,,"undefined"
dmu,Dominaria United,en,92,"Eerie Soultender",3,false,13224,https://cards.scryfall.io/normal/front/3/3/335f3146-743c-4a25-86b5-c45e9c66eb15.jpg?1673307088,"Mill",Igor Kieryluk,common,0.02,0.06,,0.12,0.25,,"treasury",false,"","B","Creature — Spirit Cleric",nm,,"undefined"
dmu,Dominaria United,en,34,"Stall for Time",1,false,15131,https://cards.scryfall.io/normal/front/f/3/f346defa-ee4a-404e-8154-0e33ebe9102c.jpg?1673306588,"Kicker",Ryan Alexander Lee,common,0.04,0.05,,0.03,0.09,,"treasury",false,"","W","Instant",nm,,"undefined"
dmu,Dominaria United,en,62,"Protect the Negotiators",1,false,7826,https://cards.scryfall.io/normal/front/b/b/bb6db604-8bbe-4719-88bd-f3cad8c4725d.jpg?1673306820,"Kicker",Dominik Mayer,uncommon,0.08,0.44,,0.10,0.15,,"treasury",false,"","U","Instant",nm,,"undefined"
dmu,Dominaria United,en,238,"Shield-Wall Sentinel",1,false,6399,https://cards.scryfall.io/normal/front/7/e/7e57e1d7-da1d-4a2b-867f-85b8331b7bbc.jpg?1673308238,"Defender",Titus Lunter,common,0.10,0.24,,0.11,0.23,,"treasury",false,"","","Artifact Creature — Golem",nm,,"undefined"
dmu,Dominaria United,en,216,"Rona, Sheoldred's Faithful",1,false,9274,https://cards.scryfall.io/normal/front/c/c/cc8331ab-adc9-45c6-9728-66afc72d901c.jpg?1673308068,"",Ryan Alexander Lee,uncommon,0.04,0.05,,0.05,0.14,,"treasury",false,"legendary","B,U","Legendary Creature — Human Wizard",nm,,"undefined"
dmu,Dominaria United,en,101,"Phyrexian Warhorse",2,false,20044,https://cards.scryfall.io/normal/front/f/4/f42167ef-7858-4c66-b1bc-41c3288a8ee8.jpg?1673307157,"Kicker",Chris Cold,common,0.02,0.03,,0.04,0.07,,"treasury",false,"","B","Creature — Phyrexian Horse",nm,,"undefined"
dmu,Dominaria United,en,115,"Writhing Necromass",1,false,13140,https://cards.scryfall.io/normal/front/a/1/a166abef-f068-47e9-8a65-43ebf4b015bd.jpg?1673307268,"Deathtouch",Campbell White,common,0.05,0.08,,0.07,0.33,,"treasury",false,"","B","Creature — Zombie Giant",nm,,"undefined"
dmu,Dominaria United,en,41,"Academy Wall",1,false,11078,https://cards.scryfall.io/normal/front/d/2/d2028115-f0de-4e8b-99bc-7369352e1e07.jpg?1673306647,"Defender",Adam Paquette,common,0.02,0.08,,0.15,0.20,,"treasury",false,"","U","Creature — Wall",nm,,"undefined"
dmu,Dominaria United,en,5,"Argivian Phalanx",1,false,16564,https://cards.scryfall.io/normal/front/a/f/afbadc37-1b4f-4237-a3c0-772bafb18aa0.jpg?1673306325,"Vigilance",Josh Hass,common,0.03,0.04,,0.03,0.09,,"treasury",false,"","W","Creature — Human Kor Soldier",nm,,"undefined"
dmu,Dominaria United,en,104,"Sengir Connoisseur",1,false,15165,https://cards.scryfall.io/normal/front/7/c/7c9231f0-7733-46d9-b9c6-c6c5b7fe65dd.jpg?1673307181,"Flying",Irina Nordsol,uncommon,0.03,0.07,,0.09,0.13,,"treasury",false,"","B","Creature — Vampire",nm,,"undefined"
dmu,Dominaria United,en,235,"Meteorite",1,false,12267,https://cards.scryfall.io/normal/front/3/3/33eb2032-50af-4fd6-bdc7-7cae2211956c.jpg?1677542216,"",Olena Richards,common,0.04,0.02,,0.05,0.09,,"treasury",false,"","","Artifact",nm,,"undefined"
dmu,Dominaria United,en,10,"Charismatic Vanguard",1,false,20654,https://cards.scryfall.io/normal/front/a/5/a51764fe-0d75-4cfa-a699-0d9e7ffb7843.jpg?1673306368,"",David Palumbo,common,0.02,0.03,,0.09,0.10,,"treasury",false,"","W","Creature — Dwarf Soldier",nm,,"undefined"
dmu,Dominaria United,en,77,"Volshe Tideturner",1,false,10708,https://cards.scryfall.io/normal/front/e/a/ea61871b-9295-4ea0-86ef-e7a11e23bda8.jpg?1673306955,"",Tia Masic,common,0.02,0.06,,0.07,0.05,,"treasury",false,"","U","Creature — Merfolk Wizard",nm,,"undefined"
dmu,Dominaria United,en,100,"Phyrexian Vivisector",1,false,10499,https://cards.scryfall.io/normal/front/6/5/65617a8f-4bd8-4edb-b5ec-e20b4482390b.jpg?1673307149,"Scry",Irina Nordsol,common,0.02,0.07,,0.12,0.11,,"treasury",false,"","B","Creature — Phyrexian Human",nm,,"undefined"
dmu,Dominaria United,en,49,"Essence Scatter",1,false,3540,https://cards.scryfall.io/normal/front/b/7/b7ad4441-e300-4267-bedb-4ae6a64f59cd.jpg?1673306711,"",Anastasia Ovchinnikova,common,0.06,0.14,,0.11,0.16,,"treasury",false,"","U","Instant",nm,,"undefined"
dmu,Dominaria United,en,55,"Impulse",1,false,1506,https://cards.scryfall.io/normal/front/5/a/5aec2b2c-0764-4869-814d-aad921122af9.jpg?1673306762,"",Sam Guay,common,0.09,0.47,,0.09,0.10,,"treasury",false,"","U","Instant",nm,,"undefined"
dmu,Dominaria United,en,69,"Tidepool Turtle",1,false,17853,https://cards.scryfall.io/normal/front/d/3/d397fb84-8573-4b2c-be2c-f8fd820342f0.jpg?1673306878,"Scry",Andrew Mar,common,0.01,0.03,,0.04,0.10,,"treasury",false,"","U","Creature — Turtle",nm,,"undefined"
c17,Commander 2017,ru,95,"Ambition's Cost",1,false,1701,https://cards.scryfall.io/normal/front/c/4/c40f60fe-0f81-43a8-9205-57cf718db81e.jpg?1562623014,"",Zezhou Chen,uncommon,0.24,,,0.21,,,"treasury",false,"","B","Sorcery",nm,,"undefined"
c17,Commander 2017,ru,101,"Bloodhusk Ritualist",1,false,11702,https://cards.scryfall.io/normal/front/3/1/31ae4ee7-c540-4e32-95a4-6a2e7def094f.jpg?1562604175,"Multikicker",Daarken,uncommon,0.28,,,0.26,,,"treasury",false,"","B","Creature — Vampire Shaman",nm,,"undefined"
c17,Commander 2017,ru,22,"Bloodsworn Steward",1,false,5270,https://cards.scryfall.io/normal/front/e/1/e185f493-57c3-47dd-8dac-de8690ce8fbc.jpg?1562626703,"Flying",Daarken,rare,0.21,,,0.32,,,"treasury",false,"","R","Creature — Vampire Knight",nm,Кровная Служительница,"undefined"
c17,Commander 2017,ru,23,"Crimson Honor Guard",1,false,10109,https://cards.scryfall.io/normal/front/9/5/9597255c-2657-40e4-855f-c8701a70aa39.jpg?1562617093,"Trample",Kieran Yanner,rare,0.13,,,0.22,,,"treasury",false,"","R","Creature — Vampire Knight",nm,Багровый Гвардеец,"undefined"
c17,Commander 2017,ru,16,"Curse of Disturbance",1,false,2692,https://cards.scryfall.io/normal/front/d/0/d022b7d7-e9f5-4f58-8010-331baaa4e3c4.jpg?1562624254,"Enchant",Kieran Yanner,uncommon,5.40,,,0.96,,,"treasury",false,"","B","Enchantment — Aura Curse",nm,,"undefined"
c17,Commander 2017,ru,3,"Curse of Vitality",1,false,9636,https://cards.scryfall.io/normal/front/c/1/c1a80504-d991-4eef-8407-2acf444401f0.jpg?1562622597,"Enchant",Kieran Yanner,uncommon,0.52,,,0.40,,,"treasury",false,"","W","Enchantment — Aura Curse",nm,,"undefined"
c17,Commander 2017,ru,108,"Damnable Pact",1,false,1809,https://cards.scryfall.io/normal/front/0/8/0817c5fa-acd9-4fed-ab8b-06750a8817b0.jpg?1562599113,"",Zack Stella,rare,0.25,,,0.36,,,"treasury",false,"","B","Sorcery",nm,,"undefined"
c17,Commander 2017,ru,109,"Dark Impostor",1,false,5531,https://cards.scryfall.io/normal/front/7/8/78e79bbf-9b18-44d2-ae57-1559cdb38bc5.jpg?1562613487,"",Johannes Voss,rare,0.17,,,0.29,,,"treasury",false,"","B","Creature — Vampire Assassin",nm,Темный Самозванец,"undefined"
c17,Commander 2017,ru,25,"Disrupt Decorum",1,false,1001,https://cards.scryfall.io/normal/front/3/9/397de47f-02e8-4ccd-8de0-a37971cab3b0.jpg?1562605280,"Goad",Sidharth Chaturvedi,rare,0.62,,,1.23,,,"treasury",false,"","R","Sorcery",nm,Забыть про Приличия,"undefined"
c17,Commander 2017,ru,112,"Drana, Kalastria Bloodchief",1,false,7119,https://cards.scryfall.io/normal/front/2/c/2c58ce5e-b038-4376-a5f4-9849baa255b9.jpg?1562603606,"Flying",Mike Bierek,rare,0.35,,,0.26,,,"treasury",false,"","B","Legendary Creature — Vampire Shaman",nm,,"undefined"
c17,Commander 2017,ru,17,"Kheru Mind-Eater",1,false,9580,https://cards.scryfall.io/normal/front/e/6/e6246cf3-76bd-476b-9cd9-789b6ad48887.jpg?1562626991,"Menace",Igor Kieryluk,rare,0.85,,,1.16,,,"treasury",false,"","B","Creature — Vampire",nm,,"undefined"
c17,Commander 2017,ru,40,"Licia, Sanguine Tribune",1,true,9603,https://cards.scryfall.io/normal/front/6/4/64eab2ba-ed5e-4757-b42d-c0fc71a96c4c.jpg?1562610809,"Lifelink,First strike",Magali Villeneuve,mythic,,3.21,,,3.73,,"treasury",false,"","B,R,W","Legendary Creature — Vampire Soldier",nm,,"undefined"
c17,Commander 2017,ru,42,"Mathas, Fiend Seeker",1,true,6877,https://cards.scryfall.io/normal/front/a/5/a5fc5dfc-ee07-4fd6-8d5d-55099752254a.jpg?1562619083,"Menace",Joe Slucher,mythic,,0.39,,,1.20,,"treasury",false,"","B,R,W","Legendary Creature — Vampire",nm,,"undefined"
c17,Commander 2017,ru,120,"Pawn of Ulamog",1,false,1106,https://cards.scryfall.io/normal/front/d/9/d9b9e2c6-7af7-42ae-91b2-0d17312b3624.jpg?1562625737,"",Daarken,uncommon,2.58,,,2.03,,,"treasury",false,"","B","Creature — Vampire Shaman",nm,,"undefined"
c17,Commander 2017,ru,125,"Skeletal Scrying",1,false,7399,https://cards.scryfall.io/normal/front/6/6/6653ed3b-2a82-4e22-a9ca-18da5da94990.jpg?1562610873,"",Bob Petillo,uncommon,0.27,,,0.22,,,"treasury",false,"","B","Instant",nm,,"undefined"
c17,Commander 2017,ru,126,"Skeletal Vampire",1,false,11849,https://cards.scryfall.io/normal/front/3/2/327096bb-78d3-444f-a017-4c504d18203a.jpg?1562604199,"Flying",Wayne Reynolds,rare,0.23,,,0.24,,,"treasury",false,"","B","Creature — Vampire Skeleton",nm,,"undefined"
